Time,Price,Volume,Amount,SP1,SP2,SP3,SV1,SV2,SV3,BP1,BP2,BP3,BV1,BV2,BV3,isBuy
2006-8-1 9:30:00,8.8,288,253572,8.81,8.85,8.88,6,39,9,8.8,8.78,8.76,345,295,120,0
2006-8-1 9:30:17,8.82,73,64710,8.85,8.88,8.9,14,9,10,8.82,8.81,8.8,33,96,530,1
2006-8-1 9:30:37,8.81,33,29105,8.88,8.9,8.92,9,30,17,8.81,8.8,8.78,407,563,304,0
2006-8-1 9:30:48,8.8,455,400844,8.88,8.9,8.92,9,30,17,8.8,8.78,8.76,534,304,124,0
2006-8-1 9:31:30,8.88,10,8880,8.88,8.89,8.9,14,4,30,8.85,8.81,8.8,20,38,536,1
2006-8-1 9:31:40,8.88,14,12432,8.88,8.89,8.9,14,4,50,8.85,8.82,8.81,20,7,48,1
2006-8-1 9:31:52,8.89,4,3556,8.9,8.92,8.93,50,117,153,8.89,8.88,8.85,46,3,20,1
2006-8-1 9:32:27,8.89,27,23969,8.9,8.92,8.93,20,121,253,8.89,8.88,8.85,49,5,30,0
2006-8-1 9:32:42,8.9,3,2670,8.9,8.92,8.93,20,121,263,8.89,8.88,8.85,29,5,30,1
2006-8-1 9:32:52,8.9,18,16010,8.9,8.91,8.92,12,31,121,8.89,8.88,8.85,19,5,30,1
2006-8-1 9:33:04,8.89,19,16935,8.9,8.91,8.92,121,31,121,8.89,8.88,8.85,19,5,30,0
2006-8-1 9:33:23,8.88,5,4440,8.87,8.89,8.9,29,95,245,8.85,8.81,8.8,30,160,632,0
2006-8-1 9:33:34,8.87,23,20401,8.87,8.89,8.9,11,127,249,8.85,8.81,8.8,30,160,632,1
2006-8-1 9:33:42,8.88,20,17754,8.87,8.88,8.89,6,15,127,8.85,8.81,8.8,30,160,632,1
2006-8-1 9:33:47,8.89,5,4444,8.89,8.9,8.91,124,249,31,8.85,8.81,8.8,30,160,632,1
2006-8-1 9:33:59,8.89,11,9779,8.89,8.9,8.91,126,249,31,8.85,8.81,8.8,30,160,628,1
2006-8-1 9:34:04,8.89,42,37202,8.89,8.9,8.91,129,249,31,8.81,8.8,8.78,108,628,304,1
2006-8-1 9:34:12,8.88,10,8880,8.88,8.89,8.9,20,219,249,8.87,8.82,8.81,6,15,108,0
2006-8-1 9:34:29,8.88,10,8880,8.88,8.89,8.9,10,219,259,8.87,8.82,8.81,11,15,108,1
2006-8-1 9:34:37,8.89,23,20434,8.89,8.9,8.91,209,259,31,8.87,8.82,8.81,11,15,108,1
2006-8-1 9:34:42,8.87,3,2661,8.89,8.9,8.91,229,159,31,8.87,8.82,8.81,8,15,108,0
2006-8-1 9:34:50,8.82,20,17680,8.87,8.89,8.9,20,229,159,8.82,8.81,8.8,3,108,658,0
2006-8-1 9:35:17,8.87,20,17740,8.85,8.88,8.89,300,137,269,8.82,8.81,8.8,3,90,664,1
2006-8-1 9:35:21,8.85,134,118590,8.85,8.88,8.89,166,137,269,8.82,8.81,8.8,3,90,664,1
2006-8-1 9:35:46,8.85,50,44250,8.85,8.88,8.89,116,163,269,8.83,8.82,8.81,5,57,93,1
2006-8-1 9:35:54,8.83,101,89383,8.85,8.88,8.89,16,196,269,8.83,8.82,8.81,4,57,113,0
2006-8-1 9:36:03,8.85,16,14160,8.88,8.89,8.9,196,259,105,8.85,8.83,8.82,1,4,60,1
2006-8-1 9:36:15,8.83,30,26492,8.88,8.89,8.9,196,259,105,8.85,8.82,8.81,14,60,118,0
2006-8-1 9:36:36,8.85,5,4425,8.88,8.89,8.9,196,244,105,8.85,8.82,8.81,24,80,118,0
2006-8-1 9:36:39,8.88,49,43507,8.88,8.89,8.9,249,244,105,8.85,8.82,8.81,19,90,118,1
2006-8-1 9:36:50,8.85,10,8850,8.88,8.89,8.9,249,244,105,8.85,8.82,8.81,9,90,121,0
2006-8-1 9:36:59,8.88,2,1776,8.88,8.89,8.9,247,244,105,8.86,8.85,8.83,101,59,20,1
2006-8-1 9:37:06,8.88,1,888,8.87,8.88,8.89,25,251,244,8.86,8.85,8.83,101,59,36,1
2006-8-1 9:37:17,8.86,10,8860,8.87,8.88,8.89,35,266,244,8.86,8.85,8.83,101,59,36,0
2006-8-1 9:37:23,8.87,4,3548,8.87,8.88,8.89,31,266,244,8.86,8.85,8.83,111,61,36,1
2006-8-1 9:37:47,8.87,29,25723,8.87,8.88,8.89,2,169,244,8.86,8.85,8.83,111,76,61,1
2006-8-1 9:37:58,8.87,5,4432,8.88,8.89,8.9,169,224,105,8.87,8.86,8.85,30,108,76,1
2006-8-1 9:38:20,8.87,30,26610,8.87,8.88,8.89,67,169,224,8.86,8.85,8.83,113,76,61,0
2006-8-1 9:38:28,8.87,13,11530,8.87,8.88,8.89,75,169,224,8.86,8.85,8.83,112,92,61,1
2006-8-1 9:38:31,8.87,65,57655,8.88,8.89,8.9,169,224,115,8.87,8.86,8.85,25,112,92,1
2006-8-1 9:38:37,8.86,32,28377,8.88,8.89,8.9,169,224,115,8.87,8.86,8.85,5,105,126,0
2006-8-1 9:38:44,8.87,12,10378,8.88,8.89,8.9,169,224,125,8.87,8.86,8.85,3,105,126,0
2006-8-1 9:38:55,8.87,50,44350,8.88,8.89,8.9,169,224,125,8.87,8.86,8.85,108,105,126,0
2006-8-1 9:39:04,8.87,13,11531,8.88,8.89,8.9,170,224,125,8.87,8.86,8.85,98,105,126,0
2006-8-1 9:39:08,8.87,95,84531,8.88,8.89,8.9,170,224,125,8.87,8.86,8.85,95,105,126,0
2006-8-1 9:39:15,8.87,5,4169,8.87,8.88,8.89,4,170,224,8.86,8.85,8.83,105,126,101,0
2006-8-1 9:39:23,8.87,20,18006,8.87,8.88,8.89,205,170,224,8.86,8.85,8.83,105,126,101,1
2006-8-1 9:39:33,8.87,5,4435,8.87,8.88,8.89,255,170,224,8.86,8.85,8.83,125,131,101,1
2006-8-1 9:39:57,8.87,23,20398,8.87,8.88,8.89,338,220,224,8.86,8.85,8.83,142,131,101,1
2006-8-1 9:40:12,8.86,100,88600,8.87,8.88,8.89,408,220,241,8.86,8.85,8.83,142,131,101,0
2006-8-1 9:40:17,8.86,42,37212,8.86,8.87,8.88,161,418,220,8.85,8.83,8.82,141,101,76,0
2006-8-1 9:40:36,8.85,5,4425,8.86,8.87,8.88,361,420,229,8.85,8.83,8.82,136,101,76,0
2006-8-1 9:40:42,8.86,9,7974,8.86,8.87,8.88,252,430,229,8.85,8.83,8.82,136,101,76,1
2006-8-1 9:40:47,8.85,103,91158,8.86,8.87,8.88,149,430,229,8.85,8.83,8.82,136,101,76,0
2006-8-1 9:41:09,8.85,38,33630,8.85,8.86,8.87,36,149,430,8.84,8.83,8.82,88,101,76,0
2006-8-1 9:41:13,8.85,3,2655,8.85,8.86,8.87,63,159,430,8.84,8.83,8.82,88,101,76,1
2006-8-1 9:41:20,8.85,4,3540,8.85,8.86,8.87,63,159,430,8.84,8.83,8.82,88,101,76,1
2006-8-1 9:41:37,8.85,50,44250,8.85,8.86,8.87,9,159,430,8.84,8.83,8.82,88,101,96,1
2006-8-1 9:41:47,8.86,322,285293,8.87,8.88,8.89,410,198,246,8.86,8.84,8.83,278,88,101,1
2006-8-1 9:41:50,8.86,19,16834,8.87,8.88,8.89,410,198,246,8.86,8.84,8.83,259,88,101,0
2006-8-1 9:42:04,8.86,123,108978,8.87,8.88,8.89,410,198,246,8.86,8.84,8.83,189,88,101,0
2006-8-1 9:42:08,8.86,12,10632,8.87,8.88,8.89,410,198,246,8.86,8.85,8.84,124,5,88,0
2006-8-1 9:42:15,8.87,109,96583,8.87,8.88,8.89,410,198,246,8.86,8.85,8.84,24,5,88,1
2006-8-1 9:42:22,8.86,22,19492,8.87,8.88,8.89,401,198,245,8.86,8.85,8.84,7,8,88,0
2006-8-1 9:42:46,8.86,7,6202,8.87,8.88,8.89,401,208,245,8.86,8.85,8.84,7,8,88,0
2006-8-1 9:42:53,8.85,8,7080,8.85,8.86,8.87,2,53,401,8.84,8.83,8.82,88,101,956,0
2006-8-1 9:43:14,8.86,10,8858,8.85,8.86,8.87,2,95,401,8.84,8.83,8.82,188,101,956,1
2006-8-1 9:43:40,8.86,31,27281,8.86,8.87,8.88,408,432,215,8.85,8.84,8.83,292,188,101,1
2006-8-1 9:44:28,8.85,40,35400,8.86,8.87,8.88,410,415,215,8.85,8.84,8.83,302,192,101,0
2006-8-1 9:44:36,8.85,262,232047,8.85,8.86,8.87,27,429,415,8.84,8.83,8.82,197,101,956,0
2006-8-1 9:44:38,8.85,20,17700,8.85,8.86,8.87,7,429,415,8.84,8.83,8.82,197,101,956,1
2006-8-1 9:44:48,8.85,30,26550,8.85,8.86,8.87,297,629,415,8.84,8.83,8.82,197,101,956,1
2006-8-1 9:44:56,8.84,193,170612,8.84,8.85,8.86,134,297,633,8.83,8.82,8.81,101,956,115,0
2006-8-1 9:45:02,8.84,10,8840,8.84,8.85,8.86,124,297,633,8.83,8.82,8.81,61,958,115,1
2006-8-1 9:45:13,8.84,90,79560,8.84,8.85,8.86,124,297,658,8.83,8.82,8.81,61,958,115,1
2006-8-1 9:45:16,8.83,61,53863,8.84,8.85,8.86,34,332,658,8.83,8.82,8.81,61,958,115,0
2006-8-1 9:45:19,8.83,5,4415,8.83,8.84,8.85,49,34,334,8.82,8.81,8.8,958,115,856,0
2006-8-1 9:45:39,8.82,958,844956,8.82,8.83,8.84,42,146,84,8.81,8.8,8.79,115,884,10,0
2006-8-1 9:45:44,8.82,9,7938,8.82,8.83,8.84,66,146,84,8.81,8.8,8.79,110,884,10,1
2006-8-1 9:45:51,8.81,110,96910,8.81,8.82,8.83,90,66,146,8.8,8.79,8.78,884,10,304,0
2006-8-1 9:45:58,8.8,30,26400,8.81,8.82,8.83,90,66,146,8.8,8.79,8.78,884,10,304,0
2006-8-1 9:46:04,8.81,802,706148,8.81,8.82,8.83,80,66,153,8.8,8.79,8.78,57,10,304,1
2006-8-1 9:46:19,8.81,30,26430,8.81,8.82,8.83,70,76,153,8.8,8.79,8.78,57,10,304,1
2006-8-1 9:46:21,8.81,22,19382,8.81,8.82,8.83,38,76,153,8.8,8.79,8.78,57,10,304,1
2006-8-1 9:46:34,8.8,11,9680,8.81,8.82,8.83,38,76,153,8.8,8.79,8.78,46,10,329,0
2006-8-1 9:46:40,8.81,21,18501,8.81,8.82,8.83,38,76,153,8.8,8.79,8.78,46,10,329,1
2006-8-1 9:46:50,8.8,40,35200,8.81,8.82,8.83,17,76,153,8.8,8.79,8.78,46,14,329,0
2006-8-1 9:46:53,8.8,7,5474,8.81,8.82,8.83,17,76,153,8.8,8.79,8.78,6,14,329,0
2006-8-1 9:47:10,8.8,5,4400,8.8,8.81,8.82,35,17,43,8.79,8.78,8.77,14,324,1,0
2006-8-1 9:47:31,8.8,3,2640,8.8,8.81,8.82,38,30,43,8.79,8.78,8.77,14,324,1,1
2006-8-1 9:47:54,8.78,315,276585,8.8,8.81,8.82,38,20,43,8.79,8.78,8.77,12,324,1,0
2006-8-1 9:48:00,8.78,24,21072,8.78,8.79,8.8,437,18,35,8.77,8.76,8.75,1,140,399,0
2006-8-1 9:48:07,8.78,238,209418,8.78,8.79,8.8,355,18,535,8.76,8.75,8.74,16,399,42,1
2006-8-1 9:48:35,8.78,15,13170,8.78,8.79,8.8,340,25,535,8.76,8.75,8.74,16,429,42,1
2006-8-1 9:48:38,8.78,28,24584,8.78,8.79,8.8,318,25,535,8.76,8.75,8.74,16,429,42,1
2006-8-1 9:49:03,8.76,10,8760,8.77,8.78,8.79,28,338,18,8.76,8.75,8.74,137,434,46,0
2006-8-1 9:49:17,8.77,53,46433,8.77,8.78,8.79,28,338,18,8.76,8.75,8.74,151,434,46,1
2006-8-1 9:49:34,8.76,14,12264,8.77,8.78,8.79,23,369,18,8.76,8.75,8.74,151,434,46,0
2006-8-1 9:49:46,8.77,5,4385,8.77,8.78,8.79,28,344,18,8.76,8.75,8.74,137,896,56,1
2006-8-1 9:49:54,8.77,102,89354,8.77,8.78,8.79,23,344,18,8.76,8.75,8.74,67,896,56,1
2006-8-1 9:49:58,8.77,2,1754,8.77,8.78,8.79,19,344,18,8.76,8.75,8.74,67,884,56,1
2006-8-1 9:50:08,8.77,10,8770,8.77,8.78,8.79,9,344,18,8.76,8.75,8.74,67,884,56,1
2006-8-1 9:50:13,8.76,49,42926,8.77,8.78,8.79,7,344,18,8.76,8.75,8.74,23,884,56,0
2006-8-1 9:50:26,8.76,10,8760,8.77,8.78,8.79,12,344,18,8.76,8.75,8.74,23,887,56,0
2006-8-1 9:50:30,8.77,10,8770,8.77,8.78,8.79,2,344,38,8.76,8.75,8.74,13,887,56,1
2006-8-1 9:50:38,8.76,24,20323,8.76,8.77,8.78,11,2,344,8.75,8.74,8.73,887,56,520,0
2006-8-1 9:50:48,8.77,39,34605,8.76,8.77,8.78,36,2,344,8.75,8.74,8.73,884,56,520,1
2006-8-1 9:51:02,8.77,93,81385,8.78,8.79,8.8,313,38,556,8.77,8.76,8.75,173,53,894,1
2006-8-1 9:51:08,8.77,13,11401,8.78,8.79,8.8,313,38,556,8.77,8.76,8.75,173,53,894,0
2006-8-1 9:51:26,8.77,167,146196,8.78,8.79,8.8,313,38,589,8.77,8.76,8.75,110,83,895,0
2006-8-1 9:51:33,8.77,1,877,8.77,8.78,8.79,49,313,38,8.76,8.75,8.74,87,895,56,0
2006-8-1 9:51:38,8.77,40,35080,8.77,8.78,8.79,9,313,38,8.76,8.75,8.74,106,895,56,1
2006-8-1 9:51:47,8.76,146,127927,8.76,8.78,8.79,374,302,38,8.75,8.74,8.73,895,56,520,0
2006-8-1 9:51:51,8.75,897,784877,8.75,8.76,8.77,105,372,26,8.74,8.73,8.72,56,520,48,0
2006-8-1 9:52:04,8.75,17,14875,8.75,8.76,8.77,88,372,136,8.74,8.73,8.72,56,520,48,1
2006-8-1 9:52:12,8.75,5,4375,8.75,8.76,8.77,83,372,156,8.74,8.73,8.72,56,520,48,1
2006-8-1 9:52:24,8.75,50,43750,8.75,8.76,8.77,186,372,156,8.74,8.73,8.72,56,510,48,1
2006-8-1 9:52:29,8.75,13,11375,8.75,8.76,8.77,173,372,156,8.74,8.73,8.72,56,360,51,1
2006-8-1 9:52:40,8.75,35,30625,8.75,8.76,8.77,343,421,156,8.74,8.73,8.72,56,360,51,1
2006-8-1 9:52:45,8.75,15,13125,8.75,8.76,8.77,343,421,156,8.74,8.73,8.72,236,360,51,1
2006-8-1 9:52:53,8.75,98,85672,8.75,8.76,8.77,323,421,156,8.74,8.73,8.72,195,325,51,1
2006-8-1 9:52:58,8.74,15,13110,8.75,8.76,8.77,323,421,156,8.74,8.73,8.72,195,317,51,0
2006-8-1 9:53:11,8.75,5,4375,8.75,8.76,8.77,318,421,156,8.74,8.73,8.72,180,317,51,1
2006-8-1 9:53:18,8.75,16,14431,8.75,8.76,8.77,308,421,156,8.74,8.73,8.72,173,317,51,1
2006-8-1 9:53:23,8.75,39,34125,8.75,8.76,8.77,269,421,156,8.74,8.73,8.72,173,317,51,1
2006-8-1 9:53:32,8.75,103,89668,8.75,8.76,8.77,186,421,156,8.74,8.73,8.72,154,317,51,1
2006-8-1 9:53:35,8.75,5,4375,8.75,8.76,8.77,361,421,156,8.74,8.73,8.72,154,317,51,1
2006-8-1 9:53:45,8.74,26,22725,8.75,8.76,8.77,360,421,156,8.74,8.73,8.72,144,317,55,0
2006-8-1 9:53:49,8.75,1,875,8.75,8.76,8.77,359,421,156,8.74,8.73,8.72,139,317,55,1
2006-8-1 9:54:02,8.75,5,4375,8.75,8.76,8.77,354,421,156,8.74,8.73,8.72,139,317,255,1
2006-8-1 9:54:07,8.75,50,43750,8.75,8.76,8.77,304,421,156,8.74,8.73,8.72,139,317,255,1
2006-8-1 9:54:15,8.74,11,10402,8.75,8.76,8.77,303,421,126,8.74,8.73,8.72,128,317,256,0
2006-8-1 9:54:18,8.75,10,8750,8.75,8.76,8.77,293,421,100,8.74,8.73,8.72,128,317,262,1
2006-8-1 9:54:26,8.74,20,17043,8.75,8.76,8.77,293,421,100,8.74,8.73,8.72,118,317,262,0
2006-8-1 9:54:31,8.74,72,62933,8.75,8.76,8.77,318,421,100,8.74,8.73,8.72,93,317,262,0
2006-8-1 9:54:38,8.75,11,9625,8.75,8.76,8.77,307,421,100,8.74,8.73,8.72,86,317,262,1
2006-8-1 9:54:50,8.74,26,22505,8.75,8.76,8.77,307,421,100,8.74,8.73,8.72,103,317,262,0
2006-8-1 9:54:56,8.74,57,50255,8.75,8.76,8.77,307,421,100,8.74,8.73,8.72,56,317,259,0
2006-8-1 9:55:10,8.74,100,87400,8.75,8.76,8.77,317,421,100,8.74,8.73,8.72,156,317,269,0
2006-8-1 9:55:28,8.75,115,100525,8.75,8.76,8.77,302,421,100,8.74,8.73,8.72,863,317,266,1
2006-8-1 9:55:35,8.75,10,8750,8.75,8.76,8.77,302,421,100,8.74,8.73,8.72,875,317,266,1
2006-8-1 9:55:48,8.75,42,36750,8.75,8.76,8.77,280,421,100,8.74,8.73,8.72,878,317,266,1
2006-8-1 9:55:54,8.75,8,6823,8.75,8.76,8.77,274,421,100,8.74,8.73,8.72,986,317,266,1
2006-8-1 9:55:59,8.75,274,239750,8.76,8.77,8.78,421,100,26,8.75,8.74,8.73,226,986,317,1
2006-8-1 9:56:05,8.74,622,544052,8.76,8.77,8.78,421,100,26,8.75,8.74,8.73,10,750,317,0
2006-8-1 9:56:13,8.75,14,12250,8.75,8.76,8.77,271,421,100,8.74,8.73,8.72,700,317,266,0
2006-8-1 9:56:20,8.75,61,53365,8.75,8.76,8.77,271,421,100,8.74,8.73,8.72,690,317,266,1
2006-8-1 9:56:26,8.76,224,196004,8.75,8.76,8.77,20,433,100,8.74,8.73,8.72,690,317,263,1
2006-8-1 9:56:42,8.76,32,28032,8.76,8.77,8.78,407,100,26,8.75,8.74,8.73,252,713,335,1
2006-8-1 9:57:12,8.76,20,17520,8.76,8.77,8.78,407,100,26,8.75,8.74,8.73,269,703,335,1
2006-8-1 9:57:19,8.76,19,16644,8.76,8.77,8.78,368,100,26,8.75,8.74,8.73,319,703,335,1
2006-8-1 9:57:23,8.76,22,19272,8.76,8.77,8.78,348,103,26,8.75,8.74,8.73,319,711,335,1
2006-8-1 9:57:39,8.76,29,25404,8.76,8.77,8.78,327,103,26,8.75,8.74,8.73,335,711,335,1
2006-8-1 9:57:43,8.75,14,12257,8.76,8.77,8.78,320,103,26,8.75,8.74,8.73,336,511,322,0
2006-8-1 9:58:02,8.75,300,262500,8.76,8.77,8.78,320,103,26,8.75,8.74,8.73,36,511,322,0
2006-8-1 9:58:09,8.75,23,20056,8.76,8.77,8.78,301,103,26,8.75,8.74,8.73,42,511,322,0
2006-8-1 9:58:14,8.75,39,34563,8.76,8.77,8.78,291,103,26,8.75,8.74,8.73,9,511,322,0
2006-8-1 9:58:29,8.75,10,8750,8.76,8.77,8.78,291,103,44,8.75,8.74,8.73,42,511,322,0
2006-8-1 9:58:32,8.76,100,87600,8.76,8.77,8.78,191,103,44,8.75,8.74,8.73,48,511,322,1
2006-8-1 9:58:45,8.76,8,7008,8.76,8.77,8.78,193,103,44,8.75,8.74,8.73,62,511,322,1
2006-8-1 9:58:57,8.76,10,8760,8.76,8.77,8.78,183,103,44,8.75,8.74,8.73,80,522,322,1
2006-8-1 9:59:04,8.76,15,13140,8.76,8.77,8.78,168,103,44,8.75,8.74,8.73,135,522,322,1
2006-8-1 9:59:13,8.76,10,8760,8.76,8.77,8.78,158,103,44,8.75,8.74,8.73,135,522,322,1
2006-8-1 9:59:25,8.76,9,7884,8.76,8.77,8.78,169,103,44,8.75,8.74,8.73,147,542,322,1
2006-8-1 9:59:32,8.75,156,136506,8.76,8.77,8.78,163,103,44,8.75,8.74,8.73,28,542,322,0
2006-8-1 9:59:40,8.76,30,26280,8.76,8.77,8.78,133,103,44,8.75,8.74,8.73,42,552,322,1
2006-8-1 9:59:53,8.76,61,53035,8.76,8.77,8.78,141,103,43,8.74,8.73,8.72,552,322,128,1
2006-8-1 10:00:02,8.76,70,61320,8.76,8.77,8.78,71,103,43,8.74,8.73,8.72,552,322,128,1
2006-8-1 10:00:26,8.76,57,49931,8.76,8.77,8.78,159,103,223,8.75,8.74,8.73,13,552,322,1
2006-8-1 10:00:31,8.76,110,96360,8.76,8.77,8.78,13,103,223,8.75,8.74,8.73,94,552,322,1
2006-8-1 10:00:36,8.76,5,4380,8.76,8.77,8.78,8,103,223,8.75,8.74,8.73,100,552,322,1
2006-8-1 10:00:43,8.76,82,71647,8.77,8.78,8.79,103,223,69,8.76,8.75,8.74,33,99,552,1
2006-8-1 10:00:48,8.76,33,29083,8.76,8.77,8.78,60,103,223,8.75,8.74,8.73,99,560,322,0
2006-8-1 10:01:05,8.76,54,47304,8.76,8.77,8.78,6,103,223,8.75,8.74,8.73,99,564,322,1
2006-8-1 10:01:11,8.76,40,35040,8.76,8.77,8.78,125,103,223,8.75,8.74,8.73,99,564,322,1
2006-8-1 10:01:21,8.75,18,15750,8.76,8.77,8.78,125,103,223,8.75,8.74,8.73,87,564,322,0
2006-8-1 10:01:34,8.76,5,4380,8.76,8.77,8.78,120,103,223,8.75,8.74,8.73,287,564,322,1
2006-8-1 10:01:40,8.76,11,9636,8.76,8.77,8.78,109,103,223,8.75,8.74,8.73,287,574,322,1
2006-8-1 10:01:47,8.75,35,30625,8.76,8.77,8.78,119,103,223,8.75,8.74,8.73,273,574,322,0
2006-8-1 10:01:50,8.76,18,15768,8.76,8.77,8.78,101,103,223,8.75,8.74,8.73,283,574,322,1
2006-8-1 10:02:14,8.76,5,4380,8.76,8.77,8.78,96,103,223,8.75,8.74,8.73,393,574,322,1
2006-8-1 10:02:28,8.76,14,12264,8.76,8.77,8.78,82,103,223,8.75,8.74,8.73,393,574,322,1
2006-8-1 10:02:34,8.76,150,131255,8.76,8.77,8.78,77,103,223,8.75,8.74,8.73,248,574,322,1
2006-8-1 10:02:39,8.76,18,15768,8.76,8.77,8.78,74,103,223,8.75,8.74,8.73,251,566,322,1
2006-8-1 10:02:57,8.76,1,876,8.76,8.77,8.78,58,103,223,8.75,8.74,8.73,251,569,322,1
2006-8-1 10:03:18,8.76,20,17520,8.76,8.77,8.78,54,103,223,8.75,8.74,8.73,318,569,322,1
2006-8-1 10:03:25,8.76,1,876,8.76,8.77,8.78,53,103,223,8.75,8.74,8.73,326,569,322,1
2006-8-1 10:03:31,8.76,54,47129,8.77,8.78,8.79,103,223,49,8.76,8.75,8.74,46,366,569,1
2006-8-1 10:03:38,8.76,46,40471,8.76,8.77,8.78,251,103,223,8.75,8.74,8.73,380,569,322,0
2006-8-1 10:03:43,8.76,14,12264,8.76,8.77,8.78,237,103,223,8.75,8.74,8.73,380,569,322,1
2006-8-1 10:03:55,8.76,21,18396,8.76,8.77,8.78,216,103,223,8.75,8.74,8.73,358,569,322,1
2006-8-1 10:04:03,8.76,33,28908,8.76,8.77,8.78,196,103,223,8.75,8.74,8.73,368,569,322,1
2006-8-1 10:04:08,8.76,16,14016,8.76,8.77,8.78,180,103,223,8.75,8.74,8.73,368,569,322,1
2006-8-1 10:04:18,8.75,101,88376,8.76,8.77,8.78,175,103,223,8.75,8.74,8.73,368,569,322,0
2006-8-1 10:04:29,8.76,2,1752,8.76,8.77,8.78,172,103,223,8.75,8.74,8.73,268,569,322,1
2006-8-1 10:04:32,8.76,74,64800,8.76,8.77,8.78,122,103,223,8.75,8.74,8.73,244,569,322,1
2006-8-1 10:04:47,8.76,24,21024,8.76,8.77,8.78,98,103,223,8.75,8.74,8.73,244,569,322,1
2006-8-1 10:04:51,8.76,110,96623,8.76,8.77,8.78,110,103,223,8.75,8.74,8.73,244,569,322,1
2006-8-1 10:04:59,8.76,110,96097,8.76,8.77,8.78,144,103,223,8.75,8.74,8.73,264,369,322,1
2006-8-1 10:05:04,8.75,10,8750,8.76,8.77,8.78,144,103,223,8.75,8.74,8.73,254,369,322,0
2006-8-1 10:05:18,8.76,214,187264,8.76,8.77,8.78,132,103,223,8.75,8.74,8.73,54,369,322,1
2006-8-1 10:05:24,8.75,6,5250,8.76,8.77,8.78,130,103,223,8.75,8.74,8.73,54,369,322,0
2006-8-1 10:05:29,8.75,28,24500,8.76,8.77,8.78,130,103,223,8.75,8.74,8.73,70,369,322,0
2006-8-1 10:05:43,8.76,20,17520,8.76,8.77,8.78,130,103,223,8.75,8.74,8.73,80,369,322,1
2006-8-1 10:06:02,8.76,100,87600,8.76,8.77,8.78,10,103,223,8.75,8.74,8.73,82,369,322,1
2006-8-1 10:06:09,8.76,10,9023,8.77,8.78,8.79,103,223,68,8.76,8.75,8.74,39,82,369,1
2006-8-1 10:06:12,8.76,40,34777,8.76,8.77,8.78,42,103,223,8.75,8.74,8.73,82,369,322,0
2006-8-1 10:06:21,8.76,6,5256,8.76,8.77,8.78,36,103,223,8.75,8.74,8.73,88,369,322,1
2006-8-1 10:06:33,8.76,4,3504,8.76,8.77,8.78,32,103,223,8.75,8.74,8.73,88,369,322,1
2006-8-1 10:06:57,8.76,7,6132,8.76,8.77,8.78,25,103,213,8.75,8.74,8.73,108,369,322,1
2006-8-1 10:07:08,8.75,108,94510,8.76,8.77,8.78,20,103,213,8.75,8.74,8.73,71,369,322,0
2006-8-1 10:07:14,8.76,5,4380,8.76,8.77,8.78,15,103,213,8.75,8.74,8.73,121,369,322,1
2006-8-1 10:07:23,8.76,15,13403,8.77,8.78,8.79,103,213,68,8.76,8.75,8.74,4,121,369,1
2006-8-1 10:07:29,8.75,17,14624,8.76,8.77,8.78,59,103,213,8.75,8.74,8.73,116,369,322,0
2006-8-1 10:07:48,8.76,90,79103,8.76,8.77,8.78,54,103,213,8.75,8.74,8.73,227,369,322,1
2006-8-1 10:07:49,8.76,167,146292,8.77,8.78,8.79,103,213,37,8.76,8.75,8.74,50,227,369,1
2006-8-1 10:07:56,8.76,61,53183,8.77,8.78,8.79,103,213,37,8.76,8.75,8.74,50,232,369,0
2006-8-1 10:08:03,8.76,231,202230,8.76,8.77,8.78,71,93,213,8.75,8.74,8.73,126,369,322,0
2006-8-1 10:08:09,8.76,17,14892,8.76,8.77,8.78,71,93,213,8.75,8.74,8.73,126,369,322,1
2006-8-1 10:08:35,8.75,167,146135,8.76,8.77,8.78,54,192,213,8.75,8.74,8.73,157,369,322,0
2006-8-1 10:08:38,8.75,10,8750,8.75,8.76,8.77,333,54,192,8.74,8.73,8.72,369,322,212,0
2006-8-1 10:08:54,8.75,10,8750,8.75,8.76,8.77,386,20,192,8.74,8.73,8.72,369,322,212,1
2006-8-1 10:08:59,8.75,25,21875,8.75,8.76,8.77,409,20,192,8.74,8.73,8.72,369,322,212,1
2006-8-1 10:09:04,8.75,48,42000,8.75,8.76,8.77,361,20,192,8.74,8.73,8.72,369,322,222,1
2006-8-1 10:09:13,8.75,50,43750,8.75,8.76,8.77,312,20,192,8.74,8.73,8.72,369,322,222,1
2006-8-1 10:09:24,8.75,9,7875,8.75,8.76,8.77,303,39,192,8.74,8.73,8.72,369,322,222,1
2006-8-1 10:09:31,8.75,12,10500,8.75,8.76,8.77,291,29,192,8.74,8.73,8.72,369,322,222,1
2006-8-1 10:10:14,8.75,133,116344,8.75,8.76,8.77,230,29,197,8.74,8.73,8.72,355,322,227,1
2006-8-1 10:10:26,8.75,4,3500,8.75,8.76,8.77,170,29,197,8.74,8.73,8.72,355,322,227,1
2006-8-1 10:10:38,8.75,10,8750,8.75,8.76,8.77,160,19,197,8.74,8.73,8.72,355,322,227,1
2006-8-1 10:10:51,8.75,210,183750,8.75,8.76,8.77,160,19,197,8.74,8.73,8.72,355,322,227,1
2006-8-1 10:10:57,8.75,6,5250,8.75,8.76,8.77,144,19,197,8.74,8.73,8.72,355,322,227,1
2006-8-1 10:11:08,8.74,50,43700,8.75,8.76,8.77,144,19,197,8.74,8.73,8.72,305,322,227,0
2006-8-1 10:11:09,8.75,100,87500,8.75,8.76,8.77,44,19,197,8.74,8.73,8.72,305,322,227,1
2006-8-1 10:11:21,8.75,27,23615,8.75,8.76,8.77,34,19,197,8.74,8.73,8.72,295,322,227,1
2006-8-1 10:11:28,8.75,28,24290,8.75,8.76,8.77,22,19,197,8.74,8.73,8.72,295,322,227,1
2006-8-1 10:11:40,8.74,50,43731,8.76,8.77,8.78,19,197,213,8.75,8.74,8.73,31,295,322,0
2006-8-1 10:11:47,8.75,6,5250,8.76,8.77,8.78,19,197,213,8.75,8.74,8.73,6,276,322,0
2006-8-1 10:11:51,8.75,14,12250,8.75,8.76,8.77,4,19,197,8.74,8.73,8.72,276,322,227,0
2006-8-1 10:12:09,8.75,60,52500,8.76,8.77,8.78,56,197,213,8.75,8.74,8.73,96,287,322,1
2006-8-1 10:12:40,8.75,8,7002,8.76,8.77,8.78,186,197,213,8.75,8.74,8.73,105,287,322,0
2006-8-1 10:12:47,8.75,25,21875,8.76,8.77,8.78,184,197,213,8.75,8.74,8.73,100,287,322,0
2006-8-1 10:12:54,8.75,75,65625,8.76,8.77,8.78,184,197,213,8.75,8.74,8.73,41,287,322,0
2006-8-1 10:13:00,8.75,10,8750,8.75,8.76,8.77,8,184,197,8.74,8.73,8.72,287,322,233,0
2006-8-1 10:13:12,8.75,4,3500,8.75,8.76,8.77,4,184,197,8.74,8.73,8.72,287,322,233,1
2006-8-1 10:13:27,8.75,1,875,8.75,8.76,8.77,4,184,197,8.74,8.73,8.72,287,322,233,1
2006-8-1 10:13:31,8.76,10,8757,8.76,8.77,8.78,177,197,213,8.74,8.73,8.72,287,322,233,1
2006-8-1 10:14:15,8.75,3,2625,8.75,8.76,8.77,7,177,197,8.74,8.73,8.72,302,322,243,0
2006-8-1 10:14:22,8.75,7,6125,8.76,8.77,8.78,177,197,213,8.75,8.74,8.73,110,302,322,1
2006-8-1 10:14:41,8.76,9,7884,8.76,8.77,8.78,168,197,213,8.75,8.74,8.73,110,302,322,1
2006-8-1 10:15:01,8.75,26,22750,8.76,8.77,8.78,168,197,213,8.75,8.74,8.73,92,302,322,0
2006-8-1 10:15:04,8.75,15,13125,8.76,8.77,8.78,168,197,213,8.75,8.74,8.73,77,302,322,0
2006-8-1 10:15:27,8.76,1,876,8.76,8.77,8.78,167,197,213,8.75,8.74,8.73,117,302,322,1
2006-8-1 10:15:36,8.76,1,876,8.76,8.77,8.78,176,197,213,8.75,8.74,8.73,127,312,322,1
2006-8-1 10:15:43,8.76,2,1752,8.76,8.77,8.78,194,197,213,8.75,8.74,8.73,127,312,322,1
2006-8-1 10:16:00,8.75,147,128625,8.75,8.76,8.77,502,195,197,8.74,8.73,8.72,318,322,247,0
2006-8-1 10:16:06,8.75,50,43750,8.75,8.76,8.77,502,195,197,8.74,8.73,8.72,518,322,247,1
2006-8-1 10:16:35,8.75,4,3500,8.75,8.76,8.77,458,199,197,8.74,8.73,8.72,518,322,247,1
2006-8-1 10:16:51,8.75,10,8750,8.75,8.76,8.77,500,199,197,8.74,8.73,8.72,548,322,237,1
2006-8-1 10:17:14,8.74,48,41952,8.75,8.76,8.77,500,199,197,8.74,8.73,8.72,500,322,237,0
2006-8-1 10:17:19,8.75,5,4375,8.75,8.76,8.77,500,199,197,8.74,8.73,8.72,500,322,217,1
2006-8-1 10:17:32,8.74,20,17480,8.75,8.76,8.77,495,199,197,8.74,8.73,8.72,468,322,217,0
2006-8-1 10:17:41,8.74,24,21464,8.75,8.76,8.77,488,199,197,8.74,8.73,8.72,451,322,217,0
2006-8-1 10:17:45,8.75,150,131250,8.75,8.76,8.77,338,199,197,8.74,8.73,8.72,454,322,217,1
2006-8-1 10:17:52,8.75,10,8750,8.75,8.76,8.77,328,199,197,8.74,8.73,8.72,454,322,217,1
2006-8-1 10:17:56,8.74,45,39330,8.75,8.76,8.77,328,199,197,8.74,8.73,8.72,422,322,217,0
2006-8-1 10:18:07,8.75,20,17500,8.75,8.76,8.77,308,199,197,8.74,8.73,8.72,422,322,217,1
2006-8-1 10:18:16,8.74,10,8740,8.75,8.76,8.77,308,199,197,8.74,8.73,8.72,434,322,217,0
2006-8-1 10:18:23,8.75,33,28875,8.75,8.76,8.77,275,199,197,8.74,8.73,8.72,434,322,217,1
2006-8-1 10:18:28,8.74,49,42651,8.75,8.76,8.77,280,199,197,8.74,8.73,8.72,380,322,217,0
2006-8-1 10:18:36,8.75,281,245866,8.76,8.77,8.78,199,197,213,8.75,8.74,8.73,50,379,322,1
2006-8-1 10:18:41,8.75,1,875,8.76,8.77,8.78,199,197,213,8.75,8.74,8.73,49,379,322,0
2006-8-1 10:19:03,8.75,239,209125,8.76,8.77,8.78,199,197,213,8.75,8.74,8.73,1510,419,322,0
2006-8-1 10:19:15,8.76,32,28032,8.76,8.77,8.78,167,197,213,8.75,8.74,8.73,1710,429,322,1
2006-8-1 10:19:18,8.75,23,20125,8.76,8.77,8.78,167,197,213,8.75,8.74,8.73,1687,429,322,0
2006-8-1 10:19:26,8.76,10,8760,8.76,8.77,8.78,157,197,213,8.75,8.74,8.73,1687,429,322,1
2006-8-1 10:19:31,8.76,10,8760,8.76,8.77,8.78,157,197,213,8.75,8.74,8.73,1687,429,322,1
2006-8-1 10:19:49,8.76,148,129254,8.77,8.78,8.79,197,213,66,8.76,8.75,8.74,52,1690,429,1
2006-8-1 10:20:11,8.77,20,17540,8.77,8.78,8.79,177,213,66,8.76,8.75,8.74,496,2020,429,1
2006-8-1 10:20:15,8.76,10,8760,8.77,8.78,8.79,177,213,66,8.76,8.75,8.74,491,2020,433,0
2006-8-1 10:20:22,8.77,10,8770,8.77,8.78,8.79,177,213,66,8.76,8.75,8.74,491,2020,433,1
2006-8-1 10:20:36,8.77,100,87700,8.77,8.78,8.79,67,213,66,8.76,8.75,8.74,502,2040,423,1
2006-8-1 10:20:45,8.77,8,7016,8.77,8.78,8.79,79,213,66,8.76,8.75,8.74,509,2045,423,1
2006-8-1 10:20:58,8.77,6,5262,8.77,8.78,8.79,74,203,66,8.76,8.75,8.74,419,2045,423,1
2006-8-1 10:21:04,8.77,5,4385,8.77,8.78,8.79,68,203,66,8.76,8.75,8.74,339,2045,423,1
2006-8-1 10:21:08,8.77,14,12278,8.77,8.78,8.79,180,203,66,8.76,8.75,8.74,369,2045,423,1
2006-8-1 10:21:15,8.76,464,406958,8.76,8.77,8.78,265,80,203,8.75,8.74,8.73,2045,423,322,0
2006-8-1 10:21:23,8.76,15,13140,8.76,8.77,8.78,250,90,203,8.75,8.74,8.73,2049,423,322,1
2006-8-1 10:21:37,8.76,8,7008,8.76,8.77,8.78,242,90,203,8.75,8.74,8.73,2072,423,322,1
2006-8-1 10:21:47,8.76,11,9636,8.76,8.77,8.78,231,90,203,8.75,8.74,8.73,2072,423,322,1
2006-8-1 10:21:57,8.75,24,21003,8.76,8.77,8.78,228,90,203,8.75,8.74,8.73,2051,393,322,0
2006-8-1 10:22:04,8.76,229,200201,8.76,8.77,8.78,185,90,203,8.75,8.74,8.73,2051,393,322,1
2006-8-1 10:22:16,8.76,5,4380,8.77,8.78,8.79,90,203,66,8.76,8.75,8.74,139,2031,393,1
2006-8-1 10:22:42,8.77,27,23674,8.77,8.78,8.79,68,203,66,8.76,8.75,8.74,679,2078,403,1
2006-8-1 10:22:50,8.76,110,96798,8.77,8.78,8.79,68,203,66,8.76,8.75,8.74,570,2078,403,0
2006-8-1 10:22:58,8.77,35,30695,8.77,8.78,8.79,33,203,66,8.76,8.75,8.74,631,2078,403,1
2006-8-1 10:23:01,8.77,5,4385,8.77,8.78,8.79,48,203,66,8.76,8.75,8.74,641,2078,403,1
2006-8-1 10:23:07,8.77,49,42833,8.78,8.79,8.8,203,71,288,8.77,8.76,8.75,51,641,2078,1
2006-8-1 10:23:14,8.77,15,12936,8.78,8.79,8.8,203,71,281,8.77,8.76,8.75,148,646,2078,0
2006-8-1 10:23:33,8.78,6,5268,8.78,8.79,8.8,197,71,281,8.77,8.76,8.75,159,658,2090,1
2006-8-1 10:23:58,8.78,5,4390,8.78,8.79,8.8,192,71,281,8.77,8.76,8.75,159,660,2090,1
2006-8-1 10:24:03,8.78,2,1756,8.78,8.79,8.8,190,71,281,8.77,8.76,8.75,159,660,2090,1
2006-8-1 10:24:16,8.78,10,8780,8.78,8.79,8.8,180,71,281,8.77,8.76,8.75,156,670,2105,1
2006-8-1 10:24:35,8.77,114,99978,8.78,8.79,8.8,180,171,281,8.77,8.76,8.75,291,670,2105,0
2006-8-1 10:24:45,8.78,10,8780,8.78,8.79,8.8,180,171,281,8.77,8.76,8.75,191,670,2105,1
2006-8-1 10:24:50,8.78,50,43900,8.78,8.79,8.8,120,171,281,8.77,8.76,8.75,191,670,2105,1
2006-8-1 10:25:24,8.78,10,8780,8.78,8.79,8.8,120,171,281,8.77,8.76,8.75,199,670,2105,1
2006-8-1 10:25:36,8.78,50,43900,8.78,8.79,8.8,110,171,281,8.77,8.76,8.75,229,670,2110,1
2006-8-1 10:25:45,8.78,43,37754,8.78,8.79,8.8,17,171,281,8.77,8.76,8.75,229,670,2110,1
2006-8-1 10:25:50,8.78,17,14926,8.78,8.79,8.8,7,171,281,8.77,8.76,8.75,231,670,2110,1
2006-8-1 10:26:03,8.78,15,13170,8.79,8.8,8.81,146,281,192,8.78,8.77,8.76,31,234,670,1
2006-8-1 10:26:21,8.78,23,20194,8.79,8.8,8.81,146,281,192,8.78,8.77,8.76,25,234,681,0
2006-8-1 10:26:53,8.78,20,17560,8.79,8.8,8.81,146,281,192,8.78,8.77,8.76,20,233,691,0
2006-8-1 10:26:59,8.79,7,6153,8.79,8.8,8.81,141,311,192,8.78,8.77,8.76,23,233,691,1
2006-8-1 10:27:03,8.78,2,1757,8.79,8.8,8.81,138,227,192,8.78,8.77,8.76,23,228,691,0
2006-8-1 10:27:09,8.8,365,321466,8.81,8.82,8.83,192,35,57,8.8,8.78,8.77,134,22,228,1
2006-8-1 10:27:15,8.8,20,17380,8.81,8.82,8.83,192,35,57,8.8,8.78,8.77,114,22,228,0
2006-8-1 10:27:40,8.8,45,39548,8.81,8.82,8.83,192,194,57,8.8,8.78,8.77,114,102,688,0
2006-8-1 10:27:51,8.8,70,61468,8.8,8.81,8.82,85,192,194,8.78,8.77,8.76,110,688,697,0
2006-8-1 10:28:03,8.8,2,1760,8.8,8.81,8.82,85,192,194,8.79,8.78,8.77,16,110,688,1
2006-8-1 10:28:18,8.8,9,7920,8.8,8.81,8.82,74,192,194,8.79,8.78,8.77,16,140,688,1
2006-8-1 10:28:30,8.8,84,74096,8.81,8.82,8.83,192,194,57,8.8,8.79,8.78,534,56,140,1
2006-8-1 10:28:35,8.8,100,88000,8.81,8.82,8.83,192,194,57,8.8,8.79,8.78,524,56,140,0
2006-8-1 10:28:43,8.81,2,1762,8.81,8.82,8.83,192,194,57,8.8,8.79,8.78,444,56,140,1
2006-8-1 10:28:56,8.81,1,881,8.81,8.82,8.83,190,194,57,8.8,8.79,8.78,424,56,140,1
2006-8-1 10:29:05,8.8,10,8800,8.81,8.82,8.83,189,194,57,8.8,8.79,8.78,464,56,140,0
2006-8-1 10:29:10,8.8,32,28160,8.81,8.82,8.83,189,194,57,8.8,8.79,8.78,470,66,155,0
2006-8-1 10:29:19,8.81,111,97791,8.81,8.82,8.83,81,194,57,8.8,8.79,8.78,438,66,155,1
2006-8-1 10:29:32,8.81,15,13215,8.81,8.82,8.83,66,169,57,8.8,8.79,8.78,458,66,165,1
2006-8-1 10:29:38,8.81,5,4405,8.81,8.82,8.83,61,172,57,8.8,8.79,8.78,458,66,165,1
2006-8-1 10:29:42,8.81,163,143453,8.81,8.82,8.83,48,172,57,8.8,8.79,8.78,308,66,165,1
2006-8-1 10:29:51,8.8,1,880,8.81,8.82,8.83,48,172,57,8.8,8.79,8.78,307,66,165,0
2006-8-1 10:30:01,8.8,340,299024,8.8,8.81,8.82,160,48,172,8.79,8.78,8.77,66,175,673,0
2006-8-1 10:30:14,8.8,5,4400,8.8,8.81,8.82,155,48,172,8.79,8.78,8.77,66,175,673,1
2006-8-1 10:30:39,8.8,15,13200,8.8,8.81,8.82,140,48,172,8.79,8.78,8.77,66,175,678,1
2006-8-1 10:30:47,8.8,12,10560,8.8,8.81,8.82,128,48,172,8.79,8.78,8.77,66,176,678,1
2006-8-1 10:30:51,8.79,57,50198,8.8,8.81,8.82,128,48,172,8.79,8.78,8.77,8,182,678,0
2006-8-1 10:31:13,8.8,32,28160,8.8,8.81,8.82,96,48,172,8.79,8.78,8.77,8,182,678,1
2006-8-1 10:31:17,8.8,34,29920,8.8,8.81,8.82,62,48,172,8.79,8.78,8.77,8,202,678,1
2006-8-1 10:31:31,8.8,20,17600,8.8,8.81,8.82,49,48,172,8.79,8.78,8.77,8,202,678,1
2006-8-1 10:31:47,8.8,4,3520,8.8,8.81,8.82,61,48,172,8.79,8.78,8.77,18,202,678,1
2006-8-1 10:32:18,8.8,32,28160,8.8,8.81,8.82,29,48,172,8.79,8.78,8.77,18,302,678,1
2006-8-1 10:32:35,8.78,300,263412,8.8,8.81,8.82,529,48,272,8.78,8.77,8.76,20,678,704,0
2006-8-1 10:32:37,8.78,10,8780,8.8,8.81,8.82,529,48,272,8.78,8.77,8.76,10,678,757,0
2006-8-1 10:32:50,8.8,10,8800,8.8,8.81,8.82,519,48,272,8.79,8.78,8.77,10,10,678,1
2006-8-1 10:32:54,8.77,600,526220,8.8,8.81,8.82,519,48,272,8.77,8.76,8.75,99,757,2141,0
2006-8-1 10:33:01,8.77,5,4386,8.8,8.81,8.82,529,48,272,8.77,8.76,8.75,89,757,2141,0
2006-8-1 10:33:42,8.77,11,9646,8.8,8.81,8.82,529,48,272,8.77,8.76,8.75,144,757,2141,0
2006-8-1 10:34:16,8.79,5,4396,8.8,8.81,8.82,534,48,472,8.79,8.77,8.76,5,180,762,1
2006-8-1 10:34:35,8.8,5,4400,8.8,8.81,8.82,529,48,472,8.79,8.78,8.77,5,60,186,1
2006-8-1 10:34:40,8.8,3,2640,8.8,8.81,8.82,526,48,472,8.79,8.78,8.77,5,60,186,1
2006-8-1 10:34:47,8.79,5,4396,8.79,8.8,8.81,45,526,48,8.78,8.77,8.76,60,186,693,0
2006-8-1 10:35:05,8.79,10,8788,8.79,8.8,8.81,35,526,48,8.78,8.77,8.76,67,186,693,1
2006-8-1 10:35:45,8.78,67,58828,8.78,8.79,8.8,33,35,576,8.77,8.76,8.75,215,693,2162,0
2006-8-1 10:36:14,8.78,2,1756,8.78,8.79,8.8,31,35,576,8.77,8.76,8.75,225,700,2172,1
2006-8-1 10:36:15,8.78,20,17560,8.78,8.79,8.8,21,35,576,8.77,8.76,8.75,225,700,2172,1
2006-8-1 10:36:40,8.78,1,876,8.78,8.79,8.8,11,35,576,8.77,8.76,8.75,223,700,2168,1
2006-8-1 10:36:54,8.78,10,8780,8.79,8.8,8.81,35,576,48,8.78,8.77,8.76,10,251,700,1
2006-8-1 10:37:08,8.77,200,175404,8.79,8.8,8.81,35,576,48,8.77,8.76,8.75,61,700,2168,0
2006-8-1 10:37:09,8.78,5,4388,8.79,8.8,8.81,35,576,48,8.78,8.77,8.76,5,71,700,1
2006-8-1 10:37:29,8.78,200,175600,8.78,8.79,8.8,55,35,576,8.77,8.76,8.75,71,710,2170,0
2006-8-1 10:38:19,8.78,25,21952,8.78,8.79,8.8,30,35,576,8.77,8.76,8.75,1164,710,2170,1
2006-8-1 10:39:04,8.78,2,1756,8.78,8.79,8.8,28,35,576,8.77,8.76,8.75,1164,710,2185,1
2006-8-1 10:39:17,8.78,16,14036,8.78,8.79,8.8,22,35,576,8.77,8.76,8.75,1154,710,2185,1
2006-8-1 10:39:32,8.77,20,17540,8.78,8.79,8.8,22,35,576,8.77,8.76,8.75,1154,710,2185,0
2006-8-1 10:39:41,8.78,20,17560,8.78,8.79,8.8,12,35,576,8.77,8.76,8.75,1168,710,2185,1
2006-8-1 10:39:56,8.77,1000,877000,8.78,8.79,8.8,2,196,579,8.77,8.76,8.75,1168,710,2185,0
2006-8-1 10:40:05,8.77,168,147626,8.77,8.78,8.79,131,2,196,8.76,8.75,8.74,710,2185,404,0
2006-8-1 10:40:29,8.77,3,2630,8.77,8.78,8.79,2128,2,196,8.76,8.75,8.74,730,2185,404,1
2006-8-1 10:41:01,8.76,119,104244,8.77,8.78,8.79,2128,42,196,8.76,8.75,8.74,623,2190,404,0
2006-8-1 10:41:26,8.76,18,15768,8.77,8.78,8.79,2128,42,161,8.76,8.75,8.74,635,2194,404,0
2006-8-1 10:41:31,8.77,6,5264,8.77,8.78,8.79,2122,42,161,8.76,8.75,8.74,617,2194,404,1
2006-8-1 10:42:05,8.77,20,17540,8.77,8.78,8.8,2127,42,584,8.76,8.75,8.74,617,2184,405,1
2006-8-1 10:42:07,8.77,10,8768,8.77,8.78,8.8,2107,42,584,8.76,8.75,8.74,622,2184,405,1
2006-8-1 10:42:15,8.77,8,7016,8.77,8.78,8.8,2114,42,584,8.76,8.75,8.74,622,2184,405,1
2006-8-1 10:42:32,8.77,18,15782,8.77,8.78,8.8,2114,42,584,8.76,8.75,8.74,617,2184,405,1
2006-8-1 10:42:45,8.77,20,17540,8.77,8.78,8.8,2081,42,584,8.76,8.75,8.74,621,2184,405,1
2006-8-1 10:43:19,8.76,13,11388,8.77,8.78,8.8,2081,42,594,8.76,8.75,8.74,628,2184,405,0
2006-8-1 10:43:47,8.76,10,8760,8.77,8.78,8.8,2030,42,594,8.76,8.75,8.74,618,2196,410,0
2006-8-1 10:44:33,8.76,500,438000,8.77,8.78,8.8,2030,42,594,8.76,8.75,8.74,118,2196,407,0
2006-8-1 10:45:01,8.76,35,30692,8.77,8.78,8.8,1998,42,594,8.76,8.75,8.74,125,2204,432,0
2006-8-1 10:45:13,8.76,52,45262,8.77,8.78,8.8,1998,42,594,8.76,8.75,8.74,374,2208,432,0
2006-8-1 10:45:20,8.77,3,2632,8.77,8.78,8.8,1995,42,594,8.76,8.75,8.74,374,2208,432,1
2006-8-1 10:45:39,8.77,2,1754,8.77,8.78,8.8,2009,42,594,8.76,8.75,8.74,387,2208,432,1
2006-8-1 10:45:50,8.76,4,3838,8.77,8.78,8.8,2009,42,594,8.76,8.75,8.74,397,2214,442,0
2006-8-1 10:46:03,8.77,50,43848,8.77,8.78,8.8,1959,42,594,8.76,8.75,8.74,397,2224,442,1
2006-8-1 10:46:15,8.77,30,26312,8.77,8.78,8.8,1929,42,594,8.76,8.75,8.74,397,2229,442,1
2006-8-1 10:46:21,8.75,2647,2316462,8.75,8.77,8.78,353,1929,42,8.74,8.73,8.72,442,322,505,0
2006-8-1 10:46:32,8.75,10,8750,8.75,8.76,8.77,343,663,1929,8.74,8.73,8.72,442,322,505,1
2006-8-1 10:47:07,8.75,343,300186,8.76,8.77,8.78,666,1929,42,8.75,8.74,8.73,1156,442,322,1
2006-8-1 10:47:11,8.76,40,35040,8.76,8.77,8.78,666,1929,42,8.75,8.74,8.73,1159,442,322,1
2006-8-1 10:47:48,8.75,20,17062,8.76,8.77,8.78,626,1929,42,8.75,8.74,8.73,1150,462,322,0
2006-8-1 10:48:02,8.75,518,453242,8.76,8.77,8.78,626,1929,42,8.75,8.74,8.73,1152,462,322,0
2006-8-1 10:48:25,8.75,3,2626,8.76,8.77,8.78,626,1929,1042,8.75,8.74,8.73,708,462,322,0
2006-8-1 10:49:03,8.76,5,4380,8.76,8.77,8.78,626,1913,1042,8.75,8.74,8.73,1213,462,522,1
2006-8-1 10:49:09,8.76,600,525600,8.76,8.77,8.78,21,1913,1042,8.75,8.74,8.73,1213,462,522,1
2006-8-1 10:49:41,8.76,21,18536,8.77,8.78,8.8,1913,1042,121,8.76,8.75,8.74,10,1667,462,1
2006-8-1 10:49:46,8.75,30,26260,8.77,8.78,8.8,1913,1042,121,8.75,8.74,8.73,1648,462,602,0
2006-8-1 10:50:11,8.75,34,29750,8.77,8.78,8.8,1913,1072,121,8.75,8.74,8.73,1919,462,602,0
2006-8-1 10:51:15,8.76,20,17520,8.77,8.78,8.8,1913,1072,130,8.76,8.75,8.74,100,1953,462,1
2006-8-1 10:51:32,8.77,124,108748,8.77,8.78,8.8,1908,1072,80,8.76,8.75,8.74,110,1953,462,1
2006-8-1 10:51:38,8.77,2005,1754494,8.77,8.78,8.8,1779,1072,80,8.76,8.75,8.74,10,63,462,1
2006-8-1 10:51:43,8.77,32,28064,8.77,8.78,8.8,1779,1072,90,8.76,8.75,8.74,10,68,462,1
2006-8-1 10:51:50,8.77,80,70160,8.77,8.78,8.8,1747,1072,90,8.76,8.75,8.74,15,72,462,1
2006-8-1 10:52:14,8.77,9,7894,8.77,8.78,8.8,1662,1072,115,8.76,8.75,8.74,15,1002,462,1
2006-8-1 10:52:41,8.77,2,1754,8.77,8.78,8.8,1662,1072,115,8.76,8.75,8.74,40,1002,462,1
2006-8-1 10:52:52,8.77,15,13156,8.77,8.78,8.8,1690,1072,115,8.76,8.75,8.74,50,1002,462,1
2006-8-1 10:53:17,8.77,10,8768,8.77,8.78,8.8,1686,1072,115,8.76,8.75,8.74,181,1017,462,1
2006-8-1 10:53:36,8.77,5,4386,8.77,8.78,8.8,1717,1072,115,8.76,8.75,8.74,131,1027,462,1
2006-8-1 10:53:50,8.77,8,7016,8.77,8.78,8.8,1707,1072,115,8.76,8.75,8.74,166,1661,462,1
2006-8-1 10:54:26,8.77,27,23656,8.77,8.78,8.8,1700,1072,115,8.76,8.75,8.74,145,1661,477,1
2006-8-1 10:54:39,8.76,56,49530,8.77,8.78,8.8,1663,1072,115,8.76,8.75,8.74,148,1671,477,0
2006-8-1 10:54:56,8.77,10,8772,8.77,8.78,8.8,1663,1072,115,8.76,8.75,8.74,148,1671,477,1
2006-8-1 10:55:05,8.77,500,438500,8.77,8.78,8.8,1653,1072,115,8.76,8.75,8.74,148,1671,477,1
2006-8-1 10:55:08,8.77,32,28064,8.77,8.78,8.8,1121,1072,115,8.76,8.75,8.74,148,1671,477,1
2006-8-1 10:55:20,8.77,1121,983116,8.78,8.8,8.81,1072,115,8,8.77,8.76,8.75,119,148,1681,1
2006-8-1 10:55:57,8.77,175,153358,8.78,8.8,8.81,1072,145,8,8.77,8.76,8.75,161,173,1691,0
2006-8-1 10:56:16,8.77,29,25582,8.77,8.78,8.8,970,1040,150,8.76,8.75,8.74,178,1701,478,0
2006-8-1 10:56:28,8.77,742,650734,8.77,8.78,8.8,231,1040,150,8.76,8.75,8.74,208,1701,478,1
2006-8-1 10:56:40,8.77,7,6138,8.77,8.78,8.8,224,1070,150,8.76,8.75,8.74,208,1781,478,1
2006-8-1 10:56:49,8.77,200,175400,8.77,8.78,8.8,24,1070,150,8.76,8.75,8.74,208,1781,478,1
2006-8-1 10:56:54,8.77,25,21776,8.78,8.8,8.81,1070,150,8,8.77,8.76,8.75,39,208,1781,1
2006-8-1 10:57:02,8.77,10,8772,8.78,8.8,8.81,1070,150,8,8.77,8.76,8.75,59,228,1782,0
2006-8-1 10:57:23,8.78,64,56192,8.78,8.8,8.81,1006,150,8,8.77,8.76,8.75,89,198,1782,1
2006-8-1 10:57:54,8.77,100,87690,8.78,8.8,8.81,1006,150,8,8.77,8.76,8.75,119,195,1752,0
2006-8-1 10:58:20,8.77,136,119430,8.78,8.8,8.81,1006,150,8,8.77,8.76,8.75,136,215,1752,0
2006-8-1 10:58:27,8.77,20,17540,8.77,8.78,8.8,43,1006,150,8.76,8.75,8.74,225,1742,483,0
2006-8-1 10:58:57,8.77,2,1754,8.77,8.78,8.8,121,1006,145,8.76,8.75,8.74,225,1743,483,1
2006-8-1 10:59:08,8.77,60,52620,8.77,8.78,8.8,61,1006,145,8.76,8.75,8.74,1225,1743,483,1
2006-8-1 10:59:11,8.78,100,87738,8.78,8.8,8.81,967,145,8,8.76,8.75,8.74,1225,1743,483,1
2006-8-1 10:59:22,8.77,10,8770,8.77,8.78,8.8,25,967,145,8.76,8.75,8.74,1225,1743,483,0
2006-8-1 10:59:30,8.78,32,28070,8.78,8.8,8.81,961,145,8,8.76,8.75,8.74,1235,1743,483,1
2006-8-1 11:00:06,8.78,210,184152,8.78,8.8,8.81,761,142,8,8.77,8.76,8.75,93,1235,1753,1
2006-8-1 11:00:11,8.76,1220,1068844,8.78,8.8,8.81,741,142,8,8.77,8.76,8.75,80,128,1753,0
2006-8-1 11:00:18,8.77,757,664388,8.77,8.78,8.8,258,241,142,8.76,8.75,8.74,128,1753,483,0
2006-8-1 11:00:27,8.77,120,105240,8.77,8.78,8.8,148,241,142,8.76,8.75,8.74,128,1753,483,1
2006-8-1 11:00:31,8.78,370,324732,8.8,8.81,8.82,142,8,359,8.78,8.76,8.75,358,128,1758,1
2006-8-1 11:00:37,8.78,10,8780,8.8,8.81,8.82,142,8,359,8.78,8.76,8.75,378,128,1765,0
2006-8-1 11:01:04,8.78,478,419684,8.78,8.8,8.81,21,142,8,8.77,8.76,8.75,1,158,1780,0
2006-8-1 11:01:08,8.78,22,19308,8.8,8.81,8.82,1142,8,359,8.79,8.77,8.76,28,11,158,1
2006-8-1 11:01:13,8.78,58,50960,8.78,8.8,8.81,281,1142,8,8.77,8.76,8.75,11,158,1780,0
2006-8-1 11:01:19,8.78,50,43900,8.78,8.8,8.81,231,1142,8,8.77,8.76,8.75,11,158,1780,1
2006-8-1 11:01:33,8.78,22,19316,8.78,8.8,8.81,209,1142,8,8.77,8.76,8.75,11,227,1780,1
2006-8-1 11:01:40,8.78,6,5268,8.78,8.8,8.81,203,1142,8,8.77,8.76,8.75,11,227,1830,1
2006-8-1 11:01:53,8.78,204,179096,8.8,8.81,8.82,1142,8,359,8.78,8.77,8.76,1052,46,262,1
2006-8-1 11:02:53,8.8,12,10560,8.8,8.81,8.82,1130,8,359,8.79,8.78,8.77,40,1164,81,1
2006-8-1 11:03:01,8.79,40,35160,8.79,8.8,8.81,960,1130,8,8.78,8.77,8.76,1169,81,457,0
2006-8-1 11:03:13,8.79,10,8788,8.79,8.8,8.81,960,1130,8,8.78,8.77,8.76,1169,51,457,1
2006-8-1 11:03:16,8.79,32,28128,8.79,8.8,8.81,918,1140,8,8.78,8.77,8.76,1169,51,457,1
2006-8-1 11:03:24,8.79,1201,1054496,8.79,8.8,8.81,916,1140,8,8.77,8.76,8.75,51,457,1830,1
2006-8-1 11:03:30,8.79,64,56256,8.79,8.8,8.81,852,1140,8,8.77,8.76,8.75,551,457,1820,1
2006-8-1 11:03:40,8.79,10,8792,8.79,8.8,8.81,842,1140,8,8.77,8.76,8.75,551,457,1820,1
2006-8-1 11:03:44,8.79,37,32522,8.79,8.8,8.81,805,1140,8,8.77,8.76,8.75,551,457,1820,1
2006-8-1 11:03:51,8.79,30,26370,8.79,8.8,8.81,785,1140,8,8.78,8.77,8.76,9,551,457,1
2006-8-1 11:04:12,8.79,135,118664,8.79,8.8,8.81,640,1140,8,8.78,8.77,8.76,9,551,976,1
2006-8-1 11:04:20,8.79,6,5276,8.79,8.8,8.81,634,1140,8,8.78,8.77,8.76,9,551,976,1
2006-8-1 11:04:31,8.79,10,8788,8.79,8.8,8.81,651,1130,8,8.78,8.77,8.76,206,551,976,1
2006-8-1 11:04:38,8.79,115,101088,8.79,8.8,8.81,541,1130,8,8.78,8.77,8.76,306,551,986,1
2006-8-1 11:04:44,8.79,5,4392,8.79,8.8,8.81,521,1130,8,8.78,8.77,8.76,416,561,1086,1
2006-8-1 11:04:52,8.79,10,8792,8.79,8.8,8.81,511,1130,8,8.78,8.77,8.76,416,561,1086,1
2006-8-1 11:04:57,8.79,117,102840,8.79,8.8,8.81,1394,1130,8,8.78,8.77,8.76,416,551,1086,1
2006-8-1 11:05:11,8.78,476,417980,8.78,8.79,8.8,83,1344,1130,8.77,8.76,8.75,551,1086,1812,0
2006-8-1 11:05:14,8.78,13,11412,8.78,8.79,8.8,60,1344,1130,8.77,8.76,8.75,551,1086,1812,1
2006-8-1 11:05:23,8.78,32,28096,8.78,8.79,8.8,28,1344,1130,8.77,8.76,8.75,551,1086,1812,1
2006-8-1 11:05:29,8.79,37,32496,8.79,8.8,8.81,1336,1130,8,8.78,8.77,8.76,1,551,1086,1
2006-8-1 11:05:32,8.79,100,87900,8.79,8.8,8.81,1236,1130,8,8.78,8.77,8.76,1,569,1086,1
2006-8-1 11:05:45,8.79,32,28128,8.79,8.8,8.81,1204,1130,8,8.78,8.77,8.76,1,569,1086,1
2006-8-1 11:06:04,8.79,32,28128,8.79,8.8,8.81,1172,1130,8,8.78,8.77,8.76,90,584,1091,1
2006-8-1 11:06:10,8.78,6,5268,8.79,8.8,8.81,1172,1130,8,8.78,8.77,8.76,104,584,1091,0
2006-8-1 11:06:28,8.79,22,19336,8.79,8.8,8.81,1150,1130,8,8.78,8.77,8.76,114,584,1101,1
2006-8-1 11:06:45,8.78,27,23268,8.79,8.8,8.81,1150,1130,8,8.78,8.77,8.76,91,584,1101,0
2006-8-1 11:06:49,8.79,15,13188,8.79,8.8,8.81,1135,1130,8,8.78,8.77,8.76,101,584,1101,1
2006-8-1 11:07:00,8.79,14,12304,8.79,8.8,8.81,1121,1130,8,8.78,8.77,8.76,106,584,1103,1
2006-8-1 11:07:25,8.79,30,26368,8.79,8.8,8.81,1121,1130,8,8.78,8.77,8.76,137,584,1098,1
2006-8-1 11:07:43,8.79,9,7912,8.79,8.8,8.81,1087,1130,8,8.78,8.77,8.76,147,579,1103,1
2006-8-1 11:07:53,8.79,3,2640,8.79,8.8,8.81,1082,1130,8,8.78,8.77,8.76,147,588,1103,1
2006-8-1 11:07:55,8.79,26,22852,8.79,8.8,8.81,1053,1130,8,8.78,8.77,8.76,147,588,1103,1
2006-8-1 11:08:08,8.79,1,880,8.79,8.8,8.81,1052,1130,8,8.78,8.77,8.76,147,588,1108,1
2006-8-1 11:08:55,8.79,10,8788,8.79,8.8,8.81,1052,1130,8,8.78,8.77,8.76,177,608,1086,1
2006-8-1 11:09:12,8.79,10,8784,8.79,8.8,8.81,1037,1130,8,8.78,8.77,8.76,182,608,1126,1
2006-8-1 11:09:29,8.79,1,880,8.79,8.8,8.81,1036,1130,8,8.78,8.77,8.76,185,608,1126,1
2006-8-1 11:09:41,8.79,10,8792,8.79,8.8,8.81,1026,1130,8,8.78,8.77,8.76,188,608,1126,1
2006-8-1 11:10:14,8.79,8,7032,8.79,8.8,8.81,1018,1130,8,8.78,8.77,8.76,188,608,1126,1
2006-8-1 11:10:20,8.78,1,876,8.79,8.8,8.81,1018,1130,8,8.78,8.77,8.76,248,608,1126,0
2006-8-1 11:10:46,8.79,5,4396,8.79,8.8,8.81,1016,1133,68,8.78,8.77,8.76,237,608,1126,1
2006-8-1 11:10:59,8.78,2,1756,8.79,8.8,8.81,1016,1133,68,8.78,8.77,8.76,235,608,1126,0
2006-8-1 11:11:08,8.79,2,1756,8.79,8.8,8.81,1014,1133,68,8.78,8.77,8.76,238,578,1128,1
2006-8-1 11:11:20,8.79,105,92272,8.79,8.8,8.81,1014,1133,68,8.78,8.77,8.76,213,580,1128,1
2006-8-1 11:11:33,8.79,20,17580,8.79,8.8,8.81,914,1133,68,8.78,8.77,8.76,238,580,1128,1
2006-8-1 11:11:41,8.78,230,201932,8.79,8.8,8.81,914,1133,68,8.78,8.77,8.76,118,580,1128,0
2006-8-1 11:11:46,8.79,3,2636,8.79,8.8,8.81,911,1133,68,8.78,8.77,8.76,118,580,1128,1
2006-8-1 11:12:47,8.79,10,8788,8.79,8.8,8.81,901,1133,71,8.78,8.77,8.76,201,600,1128,1
2006-8-1 11:12:52,8.79,10,8792,8.79,8.8,8.81,891,1133,71,8.78,8.77,8.76,201,600,1128,1
2006-8-1 11:13:01,8.79,30,26368,8.79,8.8,8.81,861,1133,71,8.78,8.77,8.76,201,603,1128,1
2006-8-1 11:13:08,8.78,10,8784,8.79,8.8,8.81,861,1133,71,8.78,8.77,8.76,201,603,1128,0
2006-8-1 11:13:14,8.78,6,5272,8.79,8.8,8.81,856,1143,71,8.78,8.77,8.76,194,603,1128,0
2006-8-1 11:13:24,8.78,248,218240,8.78,8.79,8.8,21,1196,1143,8.77,8.76,8.75,603,1128,1810,0
2006-8-1 11:13:37,8.79,47,41292,8.79,8.8,8.81,1171,1143,71,8.77,8.76,8.75,603,1128,1810,1
2006-8-1 11:13:43,8.79,10,8792,8.79,8.8,8.81,1171,1143,71,8.77,8.76,8.75,603,1128,1810,1
2006-8-1 11:13:54,8.79,40,35160,8.79,8.8,8.81,1161,1143,71,8.78,8.77,8.76,2,603,1128,1
2006-8-1 11:14:32,8.79,1,876,8.79,8.8,8.81,1121,1239,71,8.78,8.77,8.76,2,614,1159,1
2006-8-1 11:14:46,8.79,6,5276,8.79,8.8,8.81,1114,1239,71,8.78,8.77,8.76,6,614,1159,1
2006-8-1 11:14:50,8.79,10,8788,8.79,8.8,8.81,1104,1239,71,8.78,8.77,8.76,6,614,1149,1
2006-8-1 11:15:17,8.79,16,14064,8.79,8.8,8.81,1088,1239,71,8.78,8.77,8.76,6,626,1149,1
2006-8-1 11:15:29,8.78,10,8784,8.79,8.8,8.81,1093,1239,71,8.78,8.77,8.76,46,626,1149,0
2006-8-1 11:15:34,8.79,11,9668,8.79,8.8,8.81,1082,1239,71,8.78,8.77,8.76,46,626,1149,1
2006-8-1 11:16:17,8.79,183,160856,8.79,8.8,8.81,899,1239,71,8.78,8.77,8.76,76,626,1149,1
2006-8-1 11:16:48,8.79,32,28128,8.79,8.8,8.81,873,1239,71,8.78,8.77,8.76,76,626,1149,1
2006-8-1 11:16:55,8.78,6,5268,8.79,8.8,8.81,872,1229,71,8.78,8.77,8.76,76,626,1152,0
2006-8-1 11:17:01,8.79,32,28128,8.79,8.8,8.81,872,1229,71,8.78,8.77,8.76,71,626,1139,1
2006-8-1 11:17:16,8.79,10,8792,8.79,8.8,8.81,830,1229,71,8.78,8.77,8.76,71,637,1219,1
2006-8-1 11:18:02,8.79,49,43064,8.79,8.8,8.81,1120,1133,271,8.78,8.77,8.76,75,637,1219,1
2006-8-1 11:18:09,8.78,10,8780,8.79,8.8,8.81,1088,1133,271,8.78,8.77,8.76,145,637,1219,0
2006-8-1 11:18:16,8.79,32,28128,8.79,8.8,8.81,1056,1133,271,8.78,8.77,8.76,135,637,1219,1
2006-8-1 11:18:22,8.79,715,628484,8.79,8.8,8.81,341,1133,271,8.78,8.77,8.76,135,637,1219,1
2006-8-1 11:18:48,8.79,15,13180,8.79,8.8,8.81,341,1133,71,8.78,8.77,8.76,140,637,1198,1
2006-8-1 11:19:05,8.79,10,8788,8.79,8.8,8.81,321,1133,71,8.78,8.77,8.76,160,637,1198,1
2006-8-1 11:19:11,8.79,20,17584,8.79,8.8,8.81,321,1133,71,8.78,8.77,8.76,160,637,1198,1
2006-8-1 11:19:35,8.78,26,22824,8.79,8.8,8.81,301,1133,71,8.78,8.77,8.76,161,637,1139,0
2006-8-1 11:20:00,8.79,32,28128,8.79,8.8,8.81,269,1133,71,8.78,8.77,8.76,166,637,1139,1
2006-8-1 11:20:27,8.79,5,4396,8.79,8.8,8.81,264,1133,73,8.78,8.77,8.76,173,657,1139,1
2006-8-1 11:21:10,8.79,3,2636,8.79,8.8,8.81,262,1133,73,8.78,8.77,8.76,178,672,1139,1
2006-8-1 11:21:20,8.79,5,4396,8.79,8.8,8.81,256,1133,73,8.78,8.77,8.76,178,672,1139,1
2006-8-1 11:21:28,8.79,32,28128,8.79,8.8,8.81,224,1133,73,8.78,8.77,8.76,183,672,1139,1
2006-8-1 11:21:40,8.78,193,169456,8.78,8.79,8.8,6,224,1133,8.77,8.76,8.75,672,1139,1890,0
2006-8-1 11:21:58,8.78,1,876,8.78,8.79,8.8,5,229,1133,8.77,8.76,8.75,672,1139,1890,1
2006-8-1 11:22:05,8.79,50,43944,8.78,8.79,8.8,5,229,1133,8.77,8.76,8.75,672,1139,1890,1
2006-8-1 11:22:35,8.79,45,39556,8.79,8.8,8.81,140,1133,73,8.78,8.77,8.76,186,672,1139,1
2006-8-1 11:22:51,8.78,5,4388,8.79,8.8,8.81,140,1133,73,8.78,8.77,8.76,181,672,1139,0
2006-8-1 11:23:19,8.79,15,13188,8.79,8.8,8.81,125,1133,73,8.78,8.77,8.76,281,672,1149,1
2006-8-1 11:23:25,8.79,32,28128,8.79,8.8,8.81,93,1133,73,8.78,8.77,8.76,281,672,1154,1
2006-8-1 11:23:32,8.79,32,28128,8.79,8.8,8.81,61,1133,73,8.78,8.77,8.76,311,672,1154,1
2006-8-1 11:23:38,8.79,2,1756,8.79,8.8,8.81,59,1133,73,8.78,8.77,8.76,311,672,1159,1
2006-8-1 11:23:50,8.79,52,45708,8.79,8.8,8.81,39,1133,73,8.78,8.77,8.76,324,682,1159,1
2006-8-1 11:23:55,8.8,8,7060,8.8,8.81,8.82,1132,73,382,8.79,8.78,8.77,2,314,682,1
2006-8-1 11:24:27,8.8,2,1760,8.8,8.81,8.82,1135,73,382,8.79,8.78,8.77,2,338,687,1
2006-8-1 11:24:34,8.79,3,2612,8.79,8.8,8.81,17,1135,73,8.78,8.77,8.76,338,687,1159,0
2006-8-1 11:24:58,8.79,10,8788,8.79,8.8,8.81,7,1135,73,8.78,8.77,8.76,338,687,1159,1
2006-8-1 11:25:24,8.78,300,263392,8.79,8.8,8.81,7,1130,73,8.78,8.77,8.76,45,690,1159,0
2006-8-1 11:25:32,8.79,2,1760,8.79,8.8,8.81,5,1130,73,8.78,8.77,8.76,45,690,1159,1
2006-8-1 11:26:14,8.78,14,12288,8.79,8.8,8.81,1005,130,73,8.78,8.77,8.76,273,700,1159,0
2006-8-1 11:26:32,8.78,27,23708,8.79,8.8,8.81,1004,130,73,8.78,8.77,8.76,60,700,1159,0
2006-8-1 11:26:39,8.79,32,28128,8.79,8.8,8.81,972,130,73,8.78,8.77,8.76,60,700,1164,1
2006-8-1 11:27:09,8.79,42,36920,8.79,8.8,8.81,930,130,73,8.78,8.77,8.76,90,700,1164,1
2006-8-1 11:27:26,8.79,32,28128,8.79,8.8,8.81,898,130,73,8.78,8.77,8.76,110,700,1164,1
2006-8-1 11:27:39,8.79,13,11428,8.79,8.8,8.81,885,130,73,8.78,8.77,8.76,144,700,1164,1
2006-8-1 11:27:46,8.79,240,210960,8.79,8.8,8.81,655,130,73,8.78,8.77,8.76,144,700,1164,1
2006-8-1 11:27:53,8.79,61,53588,8.79,8.8,8.81,624,130,73,8.78,8.77,8.76,114,700,1164,1
2006-8-1 11:27:59,8.79,30,26368,8.79,8.8,8.81,594,130,73,8.78,8.77,8.76,114,700,1164,1
2006-8-1 11:28:04,8.79,20,17580,8.79,8.8,8.81,594,130,73,8.78,8.77,8.76,174,700,1164,1
2006-8-1 11:28:11,8.79,30,26372,8.79,8.8,8.81,574,130,73,8.78,8.77,8.76,174,691,1164,1
2006-8-1 11:28:17,8.79,10,8788,8.79,8.8,8.81,534,278,73,8.78,8.77,8.76,234,691,1164,1
2006-8-1 11:28:24,8.79,500,439500,8.79,8.8,8.81,34,278,73,8.78,8.77,8.76,237,691,1164,1
2006-8-1 11:28:28,8.79,30,26372,8.79,8.8,8.81,4,278,73,8.78,8.77,8.76,247,691,1164,1
2006-8-1 11:28:35,8.79,4,3532,8.8,8.81,8.82,283,73,382,8.79,8.78,8.77,6,247,691,1
2006-8-1 11:28:43,8.8,14,12320,8.8,8.81,8.82,264,73,382,8.79,8.78,8.77,16,247,691,1
2006-8-1 11:29:01,8.8,265,233060,8.8,8.81,8.82,264,73,382,8.79,8.78,8.77,84,242,691,1
2006-8-1 11:29:07,8.8,10,8800,8.81,8.82,8.83,73,382,161,8.8,8.79,8.78,25,84,242,1
2006-8-1 11:29:12,8.8,10,8800,8.81,8.82,8.83,73,382,161,8.8,8.79,8.78,35,84,242,0
2006-8-1 11:29:47,8.8,159,140060,8.8,8.81,8.82,180,73,382,8.79,8.78,8.77,134,241,691,0
2006-8-1 11:29:49,8.8,32,28160,8.8,8.81,8.82,180,73,382,8.79,8.78,8.77,124,241,691,1
2006-8-1 11:29:56,8.8,73,64212,8.8,8.81,8.82,105,73,382,8.79,8.78,8.77,94,241,691,1
2006-8-1 13:01:00,8.8,395,347456,8.8,8.81,8.82,152,73,382,8.79,8.78,8.77,94,236,691,1
2006-8-1 13:01:00,8.8,55,48608,8.81,8.82,8.83,65,389,61,8.8,8.79,8.78,746,199,241,1
2006-8-1 13:01:00,8.8,1,880,8.81,8.82,8.83,65,389,61,8.8,8.79,8.78,832,269,251,0
2006-8-1 13:01:00,8.8,76,66880,8.81,8.82,8.83,65,389,61,8.8,8.79,8.78,756,269,256,0
2006-8-1 13:01:00,8.8,3,2288,8.81,8.82,8.83,65,389,61,8.8,8.79,8.78,842,269,261,0
2006-8-1 13:01:16,8.81,5,4408,8.81,8.82,8.83,60,369,61,8.8,8.79,8.78,842,271,261,1
2006-8-1 13:01:21,8.81,5,4404,8.81,8.82,8.83,55,369,61,8.8,8.79,8.78,842,273,261,1
2006-8-1 13:01:31,8.81,5,4404,8.81,8.82,8.83,50,369,61,8.8,8.79,8.78,852,283,261,1
2006-8-1 13:01:34,8.81,10,8808,8.81,8.82,8.83,50,369,61,8.8,8.79,8.78,859,283,261,1
2006-8-1 13:01:40,8.81,11,9692,8.81,8.82,8.83,32,369,61,8.8,8.79,8.78,859,283,261,1
2006-8-1 13:01:54,8.81,2,1764,8.81,8.82,8.83,27,369,61,8.8,8.79,8.78,854,283,261,1
2006-8-1 13:02:24,8.81,10,8808,8.81,8.82,8.83,27,369,61,8.8,8.79,8.78,857,283,271,1
2006-8-1 13:02:42,8.81,17,15056,8.81,8.82,8.83,17,369,61,8.8,8.79,8.78,857,293,271,1
2006-8-1 13:03:08,8.82,14,12348,8.82,8.83,8.84,355,61,59,8.81,8.8,8.79,2,857,293,1
2006-8-1 13:03:19,8.82,10,8820,8.82,8.83,8.84,345,61,59,8.81,8.8,8.79,7,857,293,1
2006-8-1 13:04:15,8.82,5,4412,8.82,8.83,8.84,365,64,62,8.81,8.8,8.79,16,889,296,1
2006-8-1 13:04:33,8.81,18,15780,8.81,8.82,8.83,2,340,64,8.8,8.79,8.78,889,296,261,0
2006-8-1 13:04:38,8.82,297,261952,8.82,8.83,8.84,45,64,62,8.8,8.79,8.78,889,296,261,1
2006-8-1 13:04:51,8.82,40,35280,8.82,8.83,8.84,5,64,62,8.8,8.79,8.78,889,296,261,1
2006-8-1 13:05:29,8.81,20,17616,8.82,8.83,8.84,55,64,162,8.81,8.8,8.79,15,889,296,0
2006-8-1 13:05:34,8.8,20,17616,8.82,8.83,8.84,55,64,162,8.8,8.79,8.78,884,296,263,0
2006-8-1 13:05:47,8.8,884,778212,8.8,8.82,8.83,115,55,64,8.79,8.78,8.77,296,213,727,0
2006-8-1 13:06:01,8.8,41,36080,8.8,8.81,8.82,74,4,255,8.79,8.78,8.77,296,213,727,1
2006-8-1 13:06:11,8.8,2,1760,8.8,8.81,8.82,72,4,255,8.79,8.78,8.77,296,213,727,1
2006-8-1 13:06:18,8.8,12,10560,8.8,8.81,8.82,60,4,255,8.79,8.78,8.77,296,213,727,1
2006-8-1 13:06:27,8.8,10,8800,8.8,8.81,8.82,50,4,255,8.79,8.78,8.77,296,213,727,1
2006-8-1 13:06:30,8.8,20,17600,8.8,8.81,8.82,30,4,255,8.79,8.78,8.77,296,213,727,1
2006-8-1 13:06:38,8.8,5,4400,8.8,8.81,8.82,25,4,255,8.79,8.78,8.77,296,213,727,1
2006-8-1 13:06:44,8.8,20,17600,8.8,8.81,8.82,25,4,255,8.79,8.78,8.77,264,213,727,1
2006-8-1 13:07:02,8.8,6,4980,8.81,8.82,8.83,4,255,147,8.8,8.79,8.78,14,259,213,1
2006-8-1 13:07:21,8.8,20,17600,8.81,8.82,8.83,4,255,147,8.8,8.79,8.78,44,267,213,0
2006-8-1 13:08:11,8.81,32,28192,8.81,8.82,8.83,231,255,97,8.8,8.79,8.78,280,267,223,1
2006-8-1 13:09:07,8.8,13,11440,8.81,8.82,8.83,294,256,107,8.8,8.79,8.78,341,267,233,0
2006-8-1 13:09:42,8.81,10,8808,8.81,8.82,8.83,294,256,97,8.8,8.79,8.78,377,267,233,1
2006-8-1 13:10:01,8.8,420,369900,8.8,8.81,8.82,79,300,256,8.79,8.78,8.77,267,233,727,0
2006-8-1 13:10:32,8.8,10,8800,8.8,8.81,8.82,99,300,256,8.79,8.78,8.77,267,233,863,1
2006-8-1 13:10:38,8.8,100,88000,8.8,8.81,8.82,89,300,256,8.79,8.78,8.77,267,233,863,1
2006-8-1 13:11:00,8.8,3,2640,8.8,8.81,8.82,86,307,256,8.79,8.78,8.77,267,231,863,1
2006-8-1 13:11:18,8.8,4,3520,8.8,8.81,8.82,82,307,256,8.79,8.78,8.77,273,231,863,1
2006-8-1 13:11:27,8.8,5,4400,8.8,8.81,8.82,77,307,256,8.79,8.78,8.77,273,231,863,1
2006-8-1 13:11:38,8.79,2,1760,8.8,8.81,8.82,77,307,256,8.79,8.78,8.77,271,231,863,0
2006-8-1 13:11:58,8.8,45,39600,8.8,8.81,8.82,77,307,256,8.79,8.78,8.77,271,231,863,1
2006-8-1 13:12:12,8.8,10,8800,8.8,8.81,8.82,22,307,256,8.79,8.78,8.77,271,237,863,1
2006-8-1 13:12:31,8.8,4,3520,8.8,8.81,8.82,18,307,256,8.79,8.78,8.77,471,242,863,1
2006-8-1 13:12:50,8.8,4,3520,8.8,8.81,8.82,23,291,256,8.79,8.78,8.77,481,253,863,1
2006-8-1 13:13:00,8.8,5,4400,8.8,8.81,8.82,29,291,256,8.79,8.78,8.77,486,253,863,1
2006-8-1 13:13:21,8.8,3,2640,8.8,8.81,8.82,22,291,256,8.79,8.78,8.77,486,253,863,1
2006-8-1 13:13:31,8.79,10,8788,8.8,8.81,8.82,22,291,256,8.79,8.78,8.77,466,267,863,0
2006-8-1 13:13:50,8.79,71,62408,8.8,8.81,8.82,32,291,256,8.79,8.78,8.77,465,267,873,0
2006-8-1 13:13:58,8.8,32,28384,8.81,8.82,8.83,291,256,117,8.8,8.79,8.78,1,394,267,1
2006-8-1 13:14:04,8.8,84,73728,8.81,8.82,8.83,291,256,117,8.8,8.79,8.78,1,394,267,0
2006-8-1 13:14:10,8.8,17,15184,8.8,8.81,8.82,11,259,256,8.79,8.78,8.77,394,267,863,0
2006-8-1 13:14:46,8.8,6,5280,8.81,8.82,8.83,259,256,117,8.8,8.79,8.78,13,426,264,1
2006-8-1 13:14:59,8.8,14,12096,8.8,8.81,8.82,2,259,256,8.79,8.78,8.77,436,264,863,0
2006-8-1 13:15:05,8.8,2,1984,8.81,8.82,8.83,259,256,117,8.8,8.79,8.78,2,436,264,1
2006-8-1 13:15:13,8.79,440,386524,8.79,8.81,8.82,60,268,256,8.78,8.77,8.76,264,873,1632,0
2006-8-1 13:15:17,8.79,10,8788,8.79,8.81,8.82,50,268,256,8.78,8.77,8.76,264,873,1632,1
2006-8-1 13:16:29,8.8,32,28160,8.8,8.81,8.82,414,228,66,8.78,8.77,8.76,277,879,1637,1
2006-8-1 13:17:17,8.8,8,7040,8.8,8.81,8.82,412,228,76,8.78,8.77,8.76,449,929,1637,1
2006-8-1 13:17:20,8.8,32,28160,8.8,8.81,8.82,380,228,76,8.78,8.77,8.76,449,1129,1637,1
2006-8-1 13:18:07,8.8,32,28144,8.8,8.81,8.82,372,228,76,8.78,8.77,8.76,591,1129,1637,1
2006-8-1 13:18:14,8.8,5,4400,8.8,8.81,8.82,367,228,76,8.78,8.77,8.76,596,1129,1637,1
2006-8-1 13:18:28,8.8,5,4400,8.8,8.81,8.82,362,228,76,8.78,8.77,8.76,598,1129,1637,1
2006-8-1 13:18:39,8.8,18,15840,8.8,8.81,8.82,344,228,76,8.78,8.77,8.76,598,1129,1637,1
2006-8-1 13:19:06,8.8,75,66000,8.8,8.81,8.82,322,228,76,8.78,8.77,8.76,603,1129,1636,1
2006-8-1 13:19:42,8.8,50,44000,8.8,8.81,8.82,272,236,81,8.78,8.77,8.76,604,1129,1646,1
2006-8-1 13:19:49,8.78,600,526792,8.8,8.81,8.82,272,236,8889,8.79,8.78,8.77,70,84,1129,0
2006-8-1 13:20:50,8.8,4,3520,8.8,8.81,8.82,763,236,81,8.79,8.78,8.77,84,94,1129,1
2006-8-1 13:21:13,8.79,5,4392,8.8,8.81,8.82,763,236,81,8.79,8.78,8.77,79,194,1159,0
2006-8-1 13:21:57,8.8,50,44000,8.8,8.81,8.82,723,236,81,8.79,8.78,8.77,94,221,1159,1
2006-8-1 13:23:37,8.8,77,67760,8.8,8.81,8.82,710,236,81,8.79,8.78,8.77,114,221,1159,1
2006-8-1 13:24:01,8.8,32,28160,8.8,8.81,8.82,624,236,81,8.79,8.78,8.77,114,221,1159,1
2006-8-1 13:24:20,8.8,20,17600,8.8,8.81,8.82,824,176,81,8.79,8.78,8.77,114,221,1159,1
2006-8-1 13:24:28,8.8,39,34320,8.8,8.81,8.82,804,176,81,8.79,8.78,8.77,114,221,1159,1
2006-8-1 13:24:43,8.8,4,3520,8.8,8.81,8.82,762,176,81,8.79,8.78,8.77,114,221,1159,1
2006-8-1 13:25:05,8.8,25,22000,8.8,8.81,8.82,737,176,81,8.79,8.78,8.77,114,221,1159,1
2006-8-1 13:25:58,8.8,5,4400,8.8,8.81,8.82,747,176,81,8.79,8.78,8.77,114,228,1166,1
2006-8-1 13:26:05,8.8,6,5280,8.8,8.81,8.82,741,176,81,8.79,8.78,8.77,116,228,1166,1
2006-8-1 13:26:10,8.79,10,8856,8.8,8.81,8.82,731,176,81,8.79,8.78,8.77,115,228,1166,0
2006-8-1 13:26:56,8.8,5,4400,8.8,8.81,8.82,726,176,81,8.79,8.78,8.77,133,288,1155,1
2006-8-1 13:27:00,8.8,20,17600,8.8,8.81,8.82,726,176,81,8.79,8.78,8.77,133,288,1155,1
2006-8-1 13:27:14,8.8,32,28160,8.8,8.81,8.82,706,176,87,8.79,8.78,8.77,133,288,1155,1
2006-8-1 13:27:31,8.79,20,17576,8.8,8.81,8.82,680,176,87,8.79,8.78,8.77,113,288,1155,0
2006-8-1 13:27:53,8.8,32,28160,8.8,8.81,8.82,648,176,87,8.79,8.78,8.77,113,294,1155,1
2006-8-1 13:27:58,8.79,5,4396,8.8,8.81,8.82,648,176,87,8.79,8.78,8.77,113,294,1155,0
2006-8-1 13:28:17,8.79,39,34284,8.8,8.81,8.82,648,176,87,8.79,8.78,8.77,69,294,1155,0
2006-8-1 13:28:22,8.79,1,876,8.8,8.81,8.82,648,176,87,8.79,8.78,8.77,68,294,1155,0
2006-8-1 13:28:43,8.79,69,60600,8.79,8.8,8.81,31,648,176,8.78,8.77,8.76,294,1155,2659,0
2006-8-1 13:28:46,8.79,3,2636,8.79,8.8,8.81,31,648,176,8.78,8.77,8.76,294,1155,2659,1
2006-8-1 13:29:04,8.79,2,1760,8.79,8.8,8.81,26,648,176,8.78,8.77,8.76,294,1155,2659,1
2006-8-1 13:29:12,8.78,100,87800,8.79,8.8,8.81,26,648,176,8.78,8.77,8.76,194,1155,2659,0
2006-8-1 13:29:26,8.78,5,4388,8.79,8.8,8.81,26,648,176,8.78,8.77,8.76,189,1155,2659,0
2006-8-1 13:29:41,8.77,384,336956,8.79,8.8,8.81,26,648,176,8.77,8.76,8.75,960,2659,2126,0
2006-8-1 13:29:49,8.79,10,8792,8.79,8.8,8.81,16,648,176,8.77,8.76,8.75,960,2659,2126,1
2006-8-1 13:30:26,8.77,13,11400,8.78,8.79,8.8,120,26,648,8.77,8.76,8.75,960,2659,2128,0
2006-8-1 13:30:47,8.77,350,306952,8.78,8.79,8.8,120,26,648,8.77,8.76,8.75,597,2659,2128,0
2006-8-1 13:30:51,8.78,3,2632,8.78,8.79,8.8,100,26,648,8.77,8.76,8.75,597,2659,2128,1
2006-8-1 13:31:03,8.78,5,4392,8.78,8.79,8.8,95,26,648,8.77,8.76,8.75,597,2659,2128,1
2006-8-1 13:31:22,8.78,95,83408,8.79,8.8,8.81,26,648,176,8.78,8.77,8.76,5,597,2459,1
2006-8-1 13:32:13,8.78,5,4392,8.78,8.79,8.8,5,26,648,8.77,8.76,8.75,719,2459,2128,0
2006-8-1 13:32:37,8.78,20,17648,8.79,8.8,8.81,26,638,176,8.78,8.77,8.76,20,719,2459,1
2006-8-1 13:33:25,8.77,313,274168,8.79,8.8,8.81,26,648,176,8.77,8.76,8.75,457,2459,2130,0
2006-8-1 13:34:03,8.78,19,17120,8.79,8.8,8.81,71,678,176,8.78,8.77,8.76,220,457,2459,1
2006-8-1 13:34:30,8.78,70,61464,8.79,8.8,8.81,71,678,176,8.78,8.77,8.76,150,457,2459,0
2006-8-1 13:34:41,8.78,10,8776,8.79,8.8,8.81,71,678,176,8.78,8.77,8.76,140,467,2459,0
2006-8-1 13:34:53,8.77,388,340496,8.79,8.8,8.81,73,678,176,8.77,8.76,8.75,257,2459,2125,0
2006-8-1 13:35:06,8.76,350,306872,8.79,8.8,8.81,291,678,176,8.78,8.77,8.76,4,267,2459,0
2006-8-1 13:35:32,8.77,32,28064,8.77,8.78,8.79,467,368,291,8.76,8.75,8.74,2381,2127,420,0
2006-8-1 13:35:48,8.76,10,8760,8.77,8.78,8.79,507,210,291,8.76,8.75,8.74,2271,2108,420,0
2006-8-1 13:36:19,8.77,47,41208,8.77,8.78,8.79,481,210,291,8.76,8.75,8.74,2252,2108,420,1
2006-8-1 13:36:27,8.76,350,306600,8.77,8.78,8.79,481,210,291,8.76,8.75,8.74,2252,2108,420,0
2006-8-1 13:36:56,8.77,32,28064,8.77,8.78,8.79,449,210,291,8.76,8.75,8.74,1900,2108,400,1
2006-8-1 13:37:11,8.76,240,210240,8.77,8.78,8.79,449,210,291,8.76,8.75,8.74,2026,2108,410,0
2006-8-1 13:37:16,8.76,350,306600,8.77,8.78,8.79,449,210,291,8.76,8.75,8.74,1676,2113,410,0
2006-8-1 13:37:30,8.77,451,395176,8.77,8.78,8.79,380,210,291,8.76,8.75,8.74,1326,2128,410,1
2006-8-1 13:37:37,8.77,8,7016,8.77,8.78,8.79,340,210,291,8.76,8.75,8.74,1326,2128,410,1
2006-8-1 13:37:52,8.76,382,334664,8.77,8.78,8.79,308,210,291,8.76,8.75,8.74,1016,2128,410,0
2006-8-1 13:38:04,8.76,58,50608,8.77,8.78,8.79,308,210,291,8.76,8.75,8.74,958,2128,410,0
2006-8-1 13:38:28,8.77,64,56128,8.77,8.78,8.79,244,210,291,8.76,8.75,8.74,958,2128,410,1
2006-8-1 13:38:35,8.77,120,105240,8.77,8.78,8.79,234,210,291,8.76,8.75,8.74,968,2128,410,1
2006-8-1 13:38:48,8.77,135,118384,8.77,8.78,8.79,129,210,291,8.76,8.75,8.74,968,2128,410,1
2006-8-1 13:39:08,8.77,10,8768,8.78,8.79,8.8,210,291,663,8.77,8.76,8.75,29,968,2128,1
2006-8-1 13:39:43,8.78,5,4392,8.78,8.79,8.8,210,291,673,8.77,8.76,8.75,162,980,2138,1
2006-8-1 13:39:56,8.77,212,185932,8.77,8.78,8.79,487,205,291,8.76,8.75,8.74,980,2138,420,0
2006-8-1 13:40:02,8.77,20,17540,8.77,8.78,8.79,467,205,291,8.76,8.75,8.74,980,2138,420,1
2006-8-1 13:40:20,8.77,20,17540,8.77,8.78,8.79,467,205,291,8.76,8.75,8.74,960,2138,420,1
2006-8-1 13:40:58,8.77,3,2632,8.77,8.78,8.79,446,205,291,8.76,8.75,8.74,1000,2690,420,1
2006-8-1 13:41:49,8.77,11,9648,8.77,8.78,8.79,193,205,291,8.76,8.75,8.74,1000,2710,420,1
2006-8-1 13:42:11,8.77,5,4384,8.77,8.78,8.79,188,205,291,8.76,8.75,8.74,1021,2713,420,1
2006-8-1 13:42:16,8.77,150,131548,8.77,8.78,8.79,188,205,291,8.76,8.75,8.74,1041,2718,420,1
2006-8-1 13:42:23,8.76,1042,912628,8.76,8.77,8.78,308,38,205,8.75,8.74,8.73,2718,420,1759,0
2006-8-1 13:42:35,8.76,11,9636,8.76,8.77,8.78,298,138,205,8.75,8.74,8.73,2728,420,1759,1
2006-8-1 13:42:42,8.76,3,2628,8.76,8.77,8.78,294,138,205,8.75,8.74,8.73,2728,420,1759,1
2006-8-1 13:42:49,8.77,300,262804,8.77,8.78,8.79,132,205,291,8.75,8.74,8.73,2728,420,1759,1
2006-8-1 13:42:54,8.77,20,17540,8.77,8.78,8.79,112,205,291,8.75,8.74,8.73,2728,420,1759,1
2006-8-1 13:43:00,8.77,10,8772,8.77,8.78,8.79,112,205,291,8.75,8.74,8.73,2728,420,1759,1
2006-8-1 13:43:13,8.77,2,1752,8.77,8.78,8.79,100,205,291,8.76,8.75,8.74,10,2728,420,1
2006-8-1 13:43:23,8.77,40,35080,8.77,8.78,8.79,100,205,291,8.76,8.75,8.74,10,2728,420,1
2006-8-1 13:43:26,8.76,35,30664,8.77,8.78,8.79,55,205,291,8.76,8.75,8.74,20,2730,420,0
2006-8-1 13:43:50,8.76,5,4384,8.77,8.78,8.79,55,205,291,8.76,8.75,8.74,25,2730,420,0
2006-8-1 13:44:34,8.77,42,36824,8.77,8.78,8.79,23,205,258,8.76,8.75,8.74,67,2763,420,1
2006-8-1 13:44:40,8.76,25,21896,8.77,8.78,8.79,23,205,258,8.76,8.75,8.74,47,2763,420,0
2006-8-1 13:44:53,8.77,10,8772,8.77,8.78,8.79,13,205,258,8.76,8.75,8.74,52,2763,420,1
2006-8-1 13:45:00,8.78,20,17548,8.78,8.79,8.8,199,258,783,8.76,8.75,8.74,52,2763,420,1
2006-8-1 13:45:35,8.78,32,28096,8.78,8.79,8.8,249,258,783,8.77,8.76,8.75,44,137,2778,1
2006-8-1 13:45:49,8.77,44,38588,8.77,8.78,8.79,172,217,258,8.76,8.75,8.74,137,2778,420,0
2006-8-1 13:46:00,8.77,22,19292,8.77,8.78,8.79,150,217,258,8.76,8.75,8.74,142,2778,420,1
2006-8-1 13:46:06,8.77,5,4384,8.77,8.78,8.79,145,217,258,8.76,8.75,8.74,192,2778,420,1
2006-8-1 13:46:12,8.77,32,28064,8.77,8.78,8.79,171,217,258,8.76,8.75,8.74,192,2778,420,1
2006-8-1 13:46:18,8.77,34,29820,8.77,8.78,8.79,105,217,258,8.76,8.75,8.74,192,2778,420,1
2006-8-1 13:46:50,8.76,100,87600,8.77,8.78,8.79,105,217,258,8.76,8.75,8.74,128,2802,420,0
2006-8-1 13:47:10,8.76,134,117384,8.76,8.77,8.78,66,105,217,8.75,8.74,8.73,2802,420,1770,0
2006-8-1 13:47:16,8.76,10,8760,8.76,8.77,8.78,56,105,217,8.75,8.74,8.73,2802,420,1770,1
2006-8-1 13:47:41,8.76,20,17520,8.76,8.77,8.78,151,105,217,8.75,8.74,8.73,2802,417,1770,1
2006-8-1 13:48:05,8.75,4,3412,8.76,8.77,8.78,151,105,217,8.75,8.74,8.73,2798,417,1770,0
2006-8-1 13:48:17,8.76,107,93732,8.76,8.77,8.78,51,105,217,8.75,8.74,8.73,2878,417,1770,1
2006-8-1 13:48:22,8.75,15,13124,8.76,8.77,8.78,44,105,217,8.75,8.74,8.73,2878,417,1770,0
2006-8-1 13:48:59,8.76,3,2628,8.76,8.77,8.78,41,105,217,8.75,8.74,8.73,2866,418,1770,1
2006-8-1 13:49:00,8.76,2,1752,8.76,8.77,8.78,39,105,217,8.75,8.74,8.73,2877,418,1770,1
2006-8-1 13:49:09,8.76,68,59568,8.76,8.77,8.78,171,105,217,8.75,8.74,8.73,3377,418,1770,1
2006-8-1 13:49:26,8.76,20,17520,8.76,8.77,8.78,171,105,217,8.75,8.74,8.73,3390,418,1770,1
2006-8-1 13:49:53,8.76,5,4380,8.76,8.77,8.78,146,105,217,8.75,8.74,8.73,3390,418,1770,1
2006-8-1 13:50:18,8.76,9,7884,8.76,8.77,8.78,146,105,217,8.75,8.74,8.73,3404,418,1770,1
2006-8-1 13:50:26,8.76,44,38544,8.76,8.77,8.78,93,105,217,8.75,8.74,8.73,3414,418,1770,1
2006-8-1 13:50:38,8.76,68,59568,8.76,8.77,8.78,25,105,217,8.75,8.74,8.73,3414,418,1770,1
2006-8-1 13:50:56,8.76,33,28908,8.77,8.78,8.79,105,217,258,8.76,8.75,8.74,80,3417,418,1
2006-8-1 13:51:24,8.76,22,19360,8.77,8.78,8.79,105,217,258,8.76,8.75,8.74,108,3437,417,0
2006-8-1 13:51:29,8.76,50,43800,8.77,8.78,8.79,105,217,258,8.76,8.75,8.74,208,3440,417,0
2006-8-1 13:51:45,8.76,154,134904,8.77,8.78,8.79,105,217,298,8.76,8.75,8.74,4,3470,417,0
2006-8-1 13:51:53,8.76,23,20148,8.76,8.77,8.78,18,105,217,8.75,8.74,8.73,3470,417,1770,0
2006-8-1 13:52:36,8.77,4,3508,8.77,8.78,8.79,101,217,298,8.76,8.75,8.74,24,3460,427,1
2006-8-1 13:53:13,8.77,30,26312,8.77,8.78,8.79,101,217,298,8.76,8.75,8.74,91,3440,427,1
2006-8-1 13:53:39,8.76,12,10520,8.77,8.78,8.79,71,217,298,8.76,8.75,8.74,91,3445,427,0
2006-8-1 13:53:57,8.77,20,17540,8.77,8.78,8.79,80,217,298,8.76,8.75,8.74,89,3451,437,1
2006-8-1 13:54:03,8.77,1,876,8.77,8.78,8.79,80,217,298,8.76,8.75,8.74,89,3451,437,1
2006-8-1 13:54:16,8.76,20,17520,8.77,8.78,8.79,79,217,298,8.76,8.75,8.74,109,3451,437,0
2006-8-1 13:54:42,8.77,4,3512,8.77,8.78,8.79,75,217,298,8.76,8.75,8.74,102,3451,447,1
2006-8-1 13:55:48,8.77,45,39464,8.77,8.78,8.79,30,217,308,8.76,8.75,8.74,112,3451,447,1
2006-8-1 13:56:44,8.77,2,1752,8.77,8.78,8.79,30,217,308,8.76,8.75,8.74,112,3451,447,1
2006-8-1 13:56:50,8.77,28,24556,8.77,8.78,8.79,0,217,308,8.76,8.75,8.74,117,3601,447,1
2006-8-1 13:58:32,8.77,19,17012,8.78,8.79,8.8,217,608,2034,8.77,8.76,8.75,70,110,3601,1
2006-8-1 13:58:36,8.77,10,8772,8.78,8.79,8.8,217,611,2034,8.77,8.76,8.75,60,110,3601,0
2006-8-1 13:58:43,8.77,17,14480,8.78,8.79,8.8,207,621,2034,8.77,8.76,8.75,54,120,3601,0
2006-8-1 13:59:28,8.78,32,28096,8.78,8.79,8.8,475,621,730,8.77,8.76,8.75,54,115,3601,1
2006-8-1 14:00:10,8.78,19,16684,8.78,8.79,8.8,1780,621,730,8.77,8.76,8.75,54,126,3601,1
2006-8-1 14:00:22,8.77,54,47444,8.78,8.79,8.8,1761,621,730,8.77,8.76,8.75,54,126,3601,0
2006-8-1 14:00:48,8.77,10,8772,8.77,8.78,8.79,101,1761,621,8.76,8.75,8.74,126,3601,423,0
2006-8-1 14:00:53,8.77,1,876,8.77,8.78,8.79,100,1761,621,8.76,8.75,8.74,136,3601,423,1
2006-8-1 14:01:07,8.77,56,49112,8.77,8.78,8.79,57,1761,621,8.76,8.75,8.74,136,3601,423,1
2006-8-1 14:02:26,8.77,3,2632,8.77,8.78,8.79,65,1761,621,8.76,8.75,8.74,136,3602,421,1
2006-8-1 14:02:38,8.76,19,16644,8.77,8.78,8.79,62,1761,621,8.76,8.75,8.74,117,3602,421,0
2006-8-1 14:02:44,8.77,1810,1583904,8.77,8.78,8.79,62,1761,621,8.75,8.74,8.73,1920,421,1768,1
2006-8-1 14:02:59,8.75,608,532144,8.76,8.77,8.78,92,252,1571,8.75,8.74,8.73,1314,421,1768,0
2006-8-1 14:03:34,8.76,25,21896,8.76,8.77,8.78,90,252,1571,8.75,8.74,8.73,1314,421,1768,1
2006-8-1 14:04:22,8.76,10,8760,8.76,8.77,8.78,80,89,1571,8.75,8.74,8.73,2823,421,1768,1
2006-8-1 14:04:44,8.76,13,11392,8.76,8.77,8.78,89,89,1571,8.75,8.74,8.73,3322,421,1768,1
2006-8-1 14:04:54,8.76,5,4376,8.76,8.77,8.78,71,89,1571,8.75,8.74,8.73,3372,421,1768,1
2006-8-1 14:04:59,8.76,10,8760,8.76,8.77,8.78,71,89,1571,8.75,8.74,8.73,3372,421,1768,1
2006-8-1 14:05:26,8.76,50,43800,8.76,8.77,8.78,11,89,1571,8.75,8.74,8.73,3872,421,1768,1
2006-8-1 14:05:31,8.75,52,45504,8.76,8.77,8.78,11,89,1571,8.75,8.74,8.73,3872,421,1768,0
2006-8-1 14:05:44,8.76,4,3504,8.76,8.77,8.78,7,89,1571,8.75,8.74,8.73,3820,421,1768,1
2006-8-1 14:06:04,8.76,8,6900,8.77,8.78,8.79,89,1571,321,8.76,8.75,8.74,12,3820,421,1
2006-8-1 14:06:34,8.76,39,34276,8.76,8.77,8.78,22,82,1571,8.75,8.74,8.73,3826,421,1768,0
2006-8-1 14:06:46,8.76,23,20044,8.77,8.78,8.79,82,1571,321,8.76,8.75,8.74,22,3828,421,1