Time,Price,Volume,Amount,SP1,SP2,SP3,SP4,SP5,SV1,SV2,SV3,SV4,SV5,BP1,BP2,BP3,BP4,BP5,BV1,BV2,BV3,BV4,BV5,isBuy
2020-01-02 09:15:03,108.38,0.000,0.000,108.38,0,0,0,0,1,0,0,0,0,108.38,0,0,0,0,1,0,0,0,0,1
2020-01-02 09:15:12,107.7,0.000,0.000,107.7,0,0,0,0,38,3,0,0,0,107.7,0,0,0,0,38,0,0,0,0,0
2020-01-02 09:15:27,107.01,0.000,0.000,107.01,0,0,0,0,38,0,0,0,0,107.01,0,0,0,0,38,0,0,0,0,0
2020-01-02 09:15:39,107,0.000,0.000,107,0,0,0,0,39,0,0,0,0,107,0,0,0,0,39,4,0,0,0,0
2020-01-02 09:17:15,107,0.000,0.000,107,0,0,0,0,43,24,0,0,0,107,0,0,0,0,43,0,0,0,0,1
2020-01-02 09:17:36,106.82,0.000,0.000,106.82,0,0,0,0,43,0,0,0,0,106.82,0,0,0,0,43,0,0,0,0,0
2020-01-02 09:17:42,106.82,0.000,0.000,106.82,0,0,0,0,43,0,0,0,0,106.82,0,0,0,0,43,0,0,0,0,1
2020-01-02 09:17:45,107,0.000,0.000,107,0,0,0,0,43,24,0,0,0,107,0,0,0,0,43,0,0,0,0,1
2020-01-02 09:18:03,106.82,0.000,0.000,106.82,0,0,0,0,43,0,0,0,0,106.82,0,0,0,0,43,0,0,0,0,0
2020-01-02 09:18:21,106.82,0.000,0.000,106.82,0,0,0,0,36,2,0,0,0,106.82,0,0,0,0,36,0,0,0,0,1
2020-01-02 09:18:31,106.77,0.000,0.000,106.77,0,0,0,0,36,6,0,0,0,106.77,0,0,0,0,36,0,0,0,0,0
2020-01-02 09:18:33,106.77,0.000,0.000,106.77,0,0,0,0,36,6,0,0,0,106.77,0,0,0,0,36,0,0,0,0,1
2020-01-02 09:18:48,107,0.000,0.000,107,0,0,0,0,36,16,0,0,0,107,0,0,0,0,36,0,0,0,0,1
2020-01-02 09:19:06,107,0.000,0.000,107,0,0,0,0,36,19,0,0,0,107,0,0,0,0,36,0,0,0,0,1
2020-01-02 09:19:16,107,0.000,0.000,107,0,0,0,0,36,20,0,0,0,107,0,0,0,0,36,0,0,0,0,1
2020-01-02 09:19:24,107,0.000,0.000,107,0,0,0,0,36,21,0,0,0,107,0,0,0,0,36,0,0,0,0,1
2020-01-02 09:19:43,107,0.000,0.000,107,0,0,0,0,36,22,0,0,0,107,0,0,0,0,36,0,0,0,0,1
2020-01-02 09:19:46,107,0.000,0.000,107,0,0,0,0,36,22,0,0,0,107,0,0,0,0,36,0,0,0,0,1
2020-01-02 09:19:52,107,0.000,0.000,107,0,0,0,0,36,27,0,0,0,107,0,0,0,0,36,0,0,0,0,1
2020-01-02 09:19:58,107,0.000,0.000,107,0,0,0,0,36,27,0,0,0,107,0,0,0,0,36,0,0,0,0,1
2020-01-02 09:20:13,107,0.000,0.000,107,0,0,0,0,36,29,0,0,0,107,0,0,0,0,36,0,0,0,0,1
2020-01-02 09:20:16,107,0.000,0.000,107,0,0,0,0,36,29,0,0,0,107,0,0,0,0,36,0,0,0,0,1
2020-01-02 09:20:48,107,0.000,0.000,107,0,0,0,0,36,32,0,0,0,107,0,0,0,0,36,0,0,0,0,1
2020-01-02 09:21:00,106.9,0.000,0.000,106.9,0,0,0,0,36,5,0,0,0,106.9,0,0,0,0,36,0,0,0,0,0
2020-01-02 09:21:07,106.87,0.000,0.000,106.87,0,0,0,0,36,0,0,0,0,106.87,0,0,0,0,36,0,0,0,0,0
2020-01-02 09:21:16,106.87,0.000,0.000,106.87,0,0,0,0,36,5,0,0,0,106.87,0,0,0,0,36,0,0,0,0,1
2020-01-02 09:21:24,106.82,0.000,0.000,106.82,0,0,0,0,36,0,0,0,0,106.82,0,0,0,0,36,0,0,0,0,0
2020-01-02 09:21:42,106.9,0.000,0.000,106.9,0,0,0,0,51,2,0,0,0,106.9,0,0,0,0,51,0,0,0,0,1
2020-01-02 09:21:51,106.9,0.000,0.000,106.9,0,0,0,0,51,5,0,0,0,106.9,0,0,0,0,51,0,0,0,0,1
2020-01-02 09:22:02,106.9,0.000,0.000,106.9,0,0,0,0,51,6,0,0,0,106.9,0,0,0,0,51,0,0,0,0,1
2020-01-02 09:22:09,106.9,0.000,0.000,106.9,0,0,0,0,56,1,0,0,0,106.9,0,0,0,0,56,0,0,0,0,1
2020-01-02 09:22:18,106.9,0.000,0.000,106.9,0,0,0,0,56,3,0,0,0,106.9,0,0,0,0,56,0,0,0,0,1
2020-01-02 09:22:28,106.9,0.000,0.000,106.9,0,0,0,0,71,5,0,0,0,106.9,0,0,0,0,71,0,0,0,0,1
2020-01-02 09:22:30,106.9,0.000,0.000,106.9,0,0,0,0,71,5,0,0,0,106.9,0,0,0,0,71,0,0,0,0,1
2020-01-02 09:22:36,107,0.000,0.000,107,0,0,0,0,108,16,0,0,0,107,0,0,0,0,108,0,0,0,0,1
2020-01-02 09:22:45,107,0.000,0.000,107,0,0,0,0,115,20,0,0,0,107,0,0,0,0,115,0,0,0,0,1
2020-01-02 09:22:54,106.95,0.000,0.000,106.95,0,0,0,0,115,2,0,0,0,106.95,0,0,0,0,115,0,0,0,0,0
2020-01-02 09:23:03,106.9,0.000,0.000,106.9,0,0,0,0,115,2,0,0,0,106.9,0,0,0,0,115,0,0,0,0,0
2020-01-02 09:23:12,106.9,0.000,0.000,106.9,0,0,0,0,115,3,0,0,0,106.9,0,0,0,0,115,0,0,0,0,1
2020-01-02 09:23:21,107,0.000,0.000,107,0,0,0,0,149,11,0,0,0,107,0,0,0,0,149,0,0,0,0,1
2020-01-02 09:23:31,107,0.000,0.000,107,0,0,0,0,150,14,0,0,0,107,0,0,0,0,150,0,0,0,0,1
2020-01-02 09:23:40,107,0.000,0.000,107,0,0,0,0,150,24,0,0,0,107,0,0,0,0,150,0,0,0,0,1
2020-01-02 09:23:48,107,0.000,0.000,107,0,0,0,0,155,29,0,0,0,107,0,0,0,0,155,0,0,0,0,1
2020-01-02 09:23:58,107,0.000,0.000,107,0,0,0,0,178,9,0,0,0,107,0,0,0,0,178,0,0,0,0,1
2020-01-02 09:24:06,107,0.000,0.000,107,0,0,0,0,190,36,0,0,0,107,0,0,0,0,190,0,0,0,0,1
2020-01-02 09:24:16,107,0.000,0.000,107,0,0,0,0,225,36,0,0,0,107,0,0,0,0,225,0,0,0,0,1
2020-01-02 09:24:18,107,0.000,0.000,107,0,0,0,0,225,36,0,0,0,107,0,0,0,0,225,0,0,0,0,1
2020-01-02 09:24:25,106.98,0.000,0.000,106.98,0,0,0,0,248,0,0,0,0,106.98,0,0,0,0,248,0,0,0,0,0
2020-01-02 09:24:30,106.98,0.000,0.000,106.98,0,0,0,0,248,0,0,0,0,106.98,0,0,0,0,248,0,0,0,0,1
2020-01-02 09:24:34,106.9,0.000,0.000,106.9,0,0,0,0,251,4,0,0,0,106.9,0,0,0,0,251,0,0,0,0,0
2020-01-02 09:24:42,106.82,0.000,0.000,106.82,0,0,0,0,254,6,0,0,0,106.82,0,0,0,0,254,0,0,0,0,0
2020-01-02 09:24:52,106.77,0.000,0.000,106.77,0,0,0,0,262,11,0,0,0,106.77,0,0,0,0,262,0,0,0,0,0
2020-01-02 09:25:01,106.66,0.000,0.000,106.66,0,0,0,0,280,1,0,0,0,106.66,0,0,0,0,280,0,0,0,0,0
2020-01-02 09:25:05,106.9,467.000,4992230.000,106.9,106.91,106.94,106.95,106.98,23,2,1,3,5,106.82,106.68,106,105.16,105.01,1,2,16,2,1,1
2020-01-02 09:25:07,106.9,0.000,0.000,106.9,106.91,106.94,106.95,106.98,23,2,1,3,5,106.82,106.68,106,105.16,105.01,1,2,16,2,1,1
2020-01-02 09:30:04,106,6.000,63818.000,106.55,106.6,106.61,106.8,106.82,4,4,11,8,1,106,105.16,105.01,105,104.61,13,2,1,2,36,0
2020-01-02 09:30:07,106,0.000,0.000,106.55,106.6,106.61,106.8,106.82,4,4,11,8,1,106,105.16,105.01,105,104.61,13,2,1,2,36,0
2020-01-02 09:30:07,106.78,90.000,958673.000,106.78,106.8,106.81,106.82,106.85,10,157,6,59,4,106,105.99,105.82,105.8,105.77,3,2,1,1,13,1
2020-01-02 09:30:10,106,33.000,350672.000,106,106.5,106.58,106.67,106.68,37,4,1,1,2,105.82,105.8,105.77,105.68,105.5,1,1,13,2,4,0
2020-01-02 09:30:13,106.79,62.000,658997.000,106.79,106.8,106.81,106.82,106.85,4,151,6,82,5,106.02,105.82,105.8,105.77,105.7,1,1,1,13,3,1
2020-01-02 09:30:16,106.79,0.000,0.000,106.79,106.8,106.81,106.82,106.85,4,151,6,82,5,106.02,105.82,105.8,105.77,105.7,1,1,1,13,3,1
2020-01-02 09:30:16,106.74,2.000,21334.000,106.65,106.7,106.77,106.79,106.8,2,2,3,4,151,106.6,106.02,106,105.82,105.8,88,1,6,1,1,0
2020-01-02 09:30:18,106.74,0.000,0.000,106.65,106.7,106.77,106.79,106.8,2,2,3,4,151,106.6,106.02,106,105.82,105.8,88,1,6,1,1,1
2020-01-02 09:30:20,106.6,20.000,213210.000,106.7,106.77,106.79,106.8,106.81,2,3,4,151,9,106.6,106.55,106.02,106,105.82,70,35,1,6,2,0
2020-01-02 09:30:22,106.6,69.000,735540.000,106.7,106.77,106.79,106.8,106.81,2,3,4,154,9,106.6,106.55,106.02,106,105.82,1,35,1,9,2,0
2020-01-02 09:30:25,106.6,2.000,21320.000,106.7,106.77,106.78,106.79,106.8,2,3,1,4,136,106.6,106.55,106.02,106,105.82,5,35,1,6,2,0
2020-01-02 09:30:28,106.65,2.000,21329.000,106.7,106.77,106.78,106.79,106.8,2,21,2,10,135,106.6,106.02,106,105.82,105.8,6,1,6,2,1,1
2020-01-02 09:30:31,106.6,9.000,95960.000,106.6,106.77,106.78,106.79,106.8,2,21,2,10,117,106.02,106,105.82,105.8,105.77,1,6,2,1,13,0
2020-01-02 09:30:34,106.6,8.000,85280.000,106.65,106.67,106.77,106.78,106.79,1,1,21,2,21,106.6,106.02,106,105.82,105.8,3,1,6,2,1,1
2020-01-02 09:30:37,106.5,10.000,106530.000,106.5,106.6,106.65,106.67,106.68,3,4,1,1,3,106.02,106,105.88,105.82,105.8,1,3,2,2,1,0
2020-01-02 09:30:40,106.7,17.000,181140.000,106.76,106.77,106.78,106.79,106.8,2,21,2,26,65,106.7,106.6,106,105.88,105.82,20,1,11,2,2,1
2020-01-02 09:30:43,106.6,21.000,224060.000,106.5,106.6,106.76,106.77,106.78,50,23,2,21,2,106,105.88,105.82,105.8,105.77,18,2,2,1,13,0
2020-01-02 09:30:46,106,4.000,42550.000,106.5,106.6,106.76,106.77,106.78,47,29,2,21,2,106,105.88,105.82,105.8,105.77,19,2,2,1,13,0
2020-01-02 09:30:49,106.02,1.000,10602.000,106.02,106.5,106.58,106.6,106.63,6,47,1,30,5,106,105.88,105.82,105.8,105.77,21,2,1,1,13,1
2020-01-02 09:30:52,106.01,6.000,63611.000,106.02,106.5,106.58,106.6,106.63,1,47,1,32,5,106.01,106,105.88,105.82,105.8,4,23,2,1,1,0
2020-01-02 09:30:55,106,21.000,223208.000,106.5,106.58,106.6,106.63,106.7,35,1,32,5,11,106,105.88,105.82,105.8,105.77,26,2,1,1,13,0
2020-01-02 09:30:58,106.4,9.000,95454.000,106.5,106.58,106.6,106.63,106.7,36,1,12,5,14,106.02,106,105.88,105.82,105.8,4,35,2,1,1,1
2020-01-02 09:31:01,106,46.000,487899.000,106.5,106.58,106.6,106.63,106.7,31,1,8,5,11,106,105.88,105.82,105.8,105.77,13,3,1,2,13,0
2020-01-02 09:31:04,106,14.000,148417.000,106.47,106.49,106.5,106.58,106.6,1,1,33,1,8,106,105.88,105.82,105.8,105.77,20,3,1,2,13,0
2020-01-02 09:31:07,106.02,4.000,42408.000,106.42,106.47,106.49,106.5,106.58,1,1,1,35,1,106.03,106.02,106,105.88,105.82,1,1,20,3,1,1
2020-01-02 09:31:10,106.42,12.000,127284.000,106.47,106.48,106.49,106.5,106.58,1,9,11,36,1,106,105.88,105.82,105.8,105.77,12,3,1,2,13,1
2020-01-02 09:31:13,106.02,29.000,307464.000,106.45,106.47,106.48,106.49,106.5,1,1,9,12,38,106.02,105.88,105.82,105.8,105.77,11,1,1,2,13,0
2020-01-02 09:31:16,106.42,1.000,10642.000,106.4,106.45,106.47,106.48,106.49,1,1,1,9,12,106.02,105.88,105.82,105.8,105.77,11,1,1,2,13,1
2020-01-02 09:31:19,106.28,4.000,42520.000,106.03,106.4,106.42,106.45,106.47,5,1,5,1,1,106.02,106,105.88,105.82,105.8,11,4,2,1,1,0
2020-01-02 09:31:22,106.02,1.000,10602.000,106.03,106.4,106.42,106.43,106.45,5,2,5,1,1,106.02,106,105.88,105.82,105.8,18,35,2,1,1,0
2020-01-02 09:31:25,106,33.000,349904.000,106.02,106.4,106.42,106.43,106.45,13,2,5,1,1,106,105.89,105.88,105.82,105.8,33,1,2,1,1,0
2020-01-02 09:31:31,106,23.000,243814.000,106.02,106.03,106.31,106.4,106.42,9,2,11,2,5,106,105.89,105.88,105.82,105.8,20,1,2,1,1,0
2020-01-02 09:31:34,106,31.000,328610.000,106,106.02,106.03,106.31,106.4,4,10,2,11,2,105.89,105.88,105.82,105.8,105.77,1,2,1,1,13,0
2020-01-02 09:31:37,106,15.000,159000.000,106,106.02,106.03,106.31,106.4,12,10,2,11,2,105.89,105.88,105.82,105.8,105.77,1,2,1,1,13,1
2020-01-02 09:31:40,106,7.000,74178.000,106,106.02,106.03,106.31,106.4,13,12,2,11,2,105.88,105.82,105.8,105.77,105.7,2,1,1,13,3,1
2020-01-02 09:31:46,105.89,18.000,190634.000,105.95,106,106.02,106.31,106.4,1,16,9,11,1,105.89,105.82,105.8,105.77,105.7,1,1,3,13,3,0
2020-01-02 09:31:49,105.82,2.000,21171.000,105.88,105.95,105.96,106,106.02,5,1,1,9,9,105.8,105.77,105.7,105.68,105.55,3,13,3,2,2,0
2020-01-02 09:31:52,106.31,44.000,466716.000,106.4,106.42,106.45,106.46,106.47,1,5,3,1,1,106.31,105.89,105.82,105.8,105.77,4,6,3,2,13,1
2020-01-02 09:31:55,106,10.000,106080.000,106,106.4,106.42,106.45,106.46,3,1,5,3,1,105.89,105.82,105.8,105.78,105.77,2,3,2,6,13,0
2020-01-02 09:31:58,105.77,22.000,232805.000,105.8,105.88,106,106.31,106.4,1,1,1,2,1,105.77,105.7,105.55,105.5,105.3,9,3,2,6,1,0
2020-01-02 09:32:04,105.89,7.000,74064.000,105.89,106,106.02,106.31,106.4,3,1,11,9,1,105.8,105.77,105.7,105.55,105.5,5,8,3,2,6,1
2020-01-02 09:32:07,105.89,3.000,31749.000,105.89,106,106.02,106.31,106.4,4,2,11,9,1,105.81,105.8,105.77,105.7,105.55,2,6,8,3,2,1
2020-01-02 09:32:10,105.81,5.000,52929.000,105.89,105.96,106,106.02,106.31,1,3,2,11,9,105.88,105.8,105.78,105.77,105.7,1,7,4,8,3,0
2020-01-02 09:32:13,105.96,17.000,179926.000,106,106.02,106.31,106.4,106.42,1,11,9,1,5,105.89,105.8,105.78,105.77,105.7,1,13,4,8,3,1
2020-01-02 09:32:16,105.89,3.000,31778.000,106.02,106.3,106.31,106.4,106.42,11,1,9,1,5,105.8,105.78,105.77,105.7,105.55,13,4,8,3,2,0
2020-01-02 09:32:19,106,4.000,42400.000,106.02,106.3,106.31,106.4,106.42,11,1,9,1,5,106,105.89,105.81,105.8,105.78,36,4,4,13,4,1
2020-01-02 09:32:22,106,2.000,21200.000,106.02,106.3,106.31,106.4,106.42,11,1,9,1,5,106,105.89,105.88,105.83,105.81,36,9,1,3,5,0
2020-01-02 09:32:25,106.31,23.000,243945.000,106.31,106.4,106.42,106.45,106.46,6,1,5,3,1,106.02,106,105.9,105.89,105.88,2,30,1,15,1,1
2020-01-02 09:32:28,106.02,11.000,116668.000,106.31,106.4,106.42,106.45,106.46,4,1,5,3,1,106,105.89,105.88,105.85,105.83,24,15,1,1,3,0
2020-01-02 09:32:31,106,17.000,180222.000,106.31,106.4,106.42,106.45,106.46,4,1,5,3,1,106.02,106,105.89,105.88,105.85,1,7,16,1,1,0
2020-01-02 09:32:34,106.3,1.000,10630.000,106.31,106.4,106.42,106.45,106.46,3,1,5,3,1,106.06,106.02,106,105.89,105.88,7,3,7,16,1,1
2020-01-02 09:32:40,106.08,3.000,31848.000,106.31,106.4,106.42,106.45,106.46,5,4,5,3,1,106.08,106.06,106.02,106.01,106,7,7,16,4,8,0
2020-01-02 09:32:43,106.08,1.000,10608.000,106.3,106.31,106.4,106.42,106.45,18,5,4,5,3,106.08,106.06,106.02,106.01,106,6,7,16,4,18,0
2020-01-02 09:32:46,106.3,6.000,63780.000,106.2,106.25,106.3,106.31,106.38,1,2,12,5,1,106.08,106.06,106.02,106.01,106,6,7,15,4,18,1
2020-01-02 09:32:52,106.2,1.000,10620.000,106.25,106.29,106.3,106.31,106.38,2,3,12,5,1,106.09,106.08,106.06,106.02,106.01,5,7,7,17,4,0
2020-01-02 09:32:55,106.25,1.000,10625.000,106.25,106.29,106.3,106.31,106.38,1,3,12,5,1,106.2,106.1,106.09,106.08,106.06,1,2,5,7,7,1
2020-01-02 09:33:01,106.2,4.000,42491.000,106.29,106.3,106.31,106.38,106.4,3,13,2,1,13,106.2,106.1,106.09,106.08,106.06,7,3,5,8,8,0
2020-01-02 09:33:04,106.2,1.000,10620.000,106.23,106.28,106.29,106.3,106.31,1,1,3,13,2,106.2,106.13,106.1,106.09,106.08,17,3,3,5,8,0
2020-01-02 09:33:07,106.2,23.000,244260.000,106.2,106.23,106.24,106.25,106.28,3,1,3,1,2,106.13,106.1,106.09,106.08,106.06,3,3,5,8,8,0
2020-01-02 09:33:10,106.2,57.000,604466.000,106.2,106.23,106.24,106.25,106.28,14,1,3,1,2,106,105.89,105.85,105.83,105.81,11,12,1,3,1,1
2020-01-02 09:33:13,106.2,6.000,63699.000,106.2,106.23,106.24,106.25,106.28,15,1,3,1,2,106,105.89,105.85,105.83,105.81,12,12,1,3,1,1
2020-01-02 09:33:16,106,18.000,190800.000,106,106.13,106.2,106.23,106.25,18,2,17,1,1,105.89,105.85,105.83,105.81,105.78,12,1,3,1,4,0
2020-01-02 09:33:20,106,11.000,116600.000,106,106.08,106.13,106.19,106.2,9,5,2,3,16,105.89,105.85,105.83,105.81,105.78,12,1,3,1,4,1
2020-01-02 09:33:22,105.89,6.000,63534.000,106,106.08,106.13,106.19,106.2,8,5,15,8,16,105.89,105.85,105.83,105.81,105.78,6,1,3,1,4,0
2020-01-02 09:33:25,105.77,24.000,253977.000,106,106.08,106.13,106.19,106.2,7,5,15,8,16,105.7,105.62,105.6,105.55,105.5,3,1,3,2,9,0
2020-01-02 09:33:28,106,1.000,10600.000,106,106.08,106.13,106.19,106.2,6,5,15,8,14,105.7,105.62,105.6,105.55,105.5,3,1,3,2,9,1
2020-01-02 09:33:31,106,2.000,21178.000,105.89,105.99,106,106.08,106.13,2,2,5,5,15,105.7,105.62,105.6,105.55,105.5,3,1,3,2,9,1
2020-01-02 09:33:37,106,8.000,84716.000,106,106.07,106.08,106.12,106.13,4,1,5,2,15,105.7,105.62,105.6,105.55,105.5,1,1,3,2,9,1
2020-01-02 09:33:40,105.6,19.000,201255.000,105.6,106.07,106.08,106.12,106.13,8,1,5,2,15,105.55,105.5,105.38,105.27,105.23,2,9,1,6,2,0
2020-01-02 09:33:43,105.71,13.000,137335.000,105.99,106,106.07,106.12,106.13,7,1,1,2,15,105.89,105.71,105.62,105.55,105.5,1,2,1,2,9,1
2020-01-02 09:33:46,105.99,5.000,52900.000,105.99,106,106.07,106.12,106.13,6,1,2,2,15,105.8,105.62,105.55,105.5,105.42,10,1,2,28,1,1
2020-01-02 09:33:52,105.89,4.000,42347.000,105.89,105.98,105.99,106,106.07,5,4,7,2,2,105.8,105.62,105.56,105.55,105.5,10,1,3,2,28,0
2020-01-02 09:33:55,105.62,12.000,126951.000,105.89,105.98,105.99,106,106.07,4,7,7,2,2,105.6,105.56,105.55,105.5,105.42,6,3,2,28,1,0
2020-01-02 09:34:04,105.72,2.000,21149.000,105.88,105.89,105.98,105.99,106,5,4,4,7,2,105.6,105.56,105.55,105.51,105.5,8,4,2,1,28,1
2020-01-02 09:34:07,105.6,4.000,42240.000,105.77,105.88,105.89,105.98,105.99,1,5,4,3,7,105.63,105.6,105.56,105.55,105.51,1,5,6,2,1,0
2020-01-02 09:34:13,105.5,58.000,612175.000,105.5,105.7,105.77,105.8,105.87,9,2,7,10,1,105.42,105.38,105.28,105.27,105.23,1,1,1,6,2,0
2020-01-02 09:34:16,105.5,2.000,21100.000,105.5,105.6,105.63,105.77,105.8,7,3,1,7,10,105.42,105.38,105.28,105.27,105.23,1,1,1,6,2,1
2020-01-02 09:34:19,105.63,13.000,137173.000,105.6,105.8,105.86,105.87,105.88,1,10,1,1,5,105.28,105.27,105.23,105.2,105.18,1,6,2,6,2,1
2020-01-02 09:34:22,105.28,1.000,10528.000,105.6,105.8,105.86,105.87,105.88,1,10,1,1,5,105.27,105.23,105.2,105.18,105.17,6,2,6,2,7,0
2020-01-02 09:34:25,105.6,1.000,10560.000,105.8,105.86,105.87,105.88,105.89,10,1,1,5,4,105.5,105.3,105.27,105.23,105.2,2,2,6,3,6,1
2020-01-02 09:34:28,105.27,13.000,137056.000,105.42,105.63,105.8,105.86,105.87,3,20,15,1,1,105.37,105.27,105.23,105.2,105.18,3,4,3,6,2,0
2020-01-02 09:34:31,105.37,1.000,10536.000,105.42,105.63,105.8,105.86,105.87,3,20,15,1,1,105.37,105.28,105.27,105.23,105.2,2,4,4,3,6,1
2020-01-02 09:34:35,105.42,3.000,31622.000,105.42,105.57,105.58,105.59,105.63,1,5,1,6,4,105.37,105.3,105.28,105.27,105.23,1,2,4,4,3,1
2020-01-02 09:34:38,105.42,1.000,10542.000,105.5,105.57,105.58,105.59,105.63,2,5,1,6,4,105.42,105.37,105.3,105.28,105.27,1,1,2,4,4,1
2020-01-02 09:34:40,105.37,7.000,73780.000,105.5,105.57,105.58,105.59,105.63,2,5,1,6,4,105.3,105.29,105.28,105.27,105.23,2,1,5,4,3,0
2020-01-02 09:34:43,105.42,8.000,84324.000,105.42,105.5,105.57,105.58,105.59,8,2,5,1,6,105.3,105.29,105.28,105.27,105.25,1,1,6,4,2,1
2020-01-02 09:34:49,105.27,13.000,136872.000,105.3,105.37,105.38,105.42,105.5,2,18,7,9,4,105.27,105.25,105.23,105.21,105.2,1,2,3,6,6,0
2020-01-02 09:34:52,105.3,1.000,10528.000,105.3,105.37,105.38,105.42,105.5,2,18,7,10,3,105.27,105.25,105.23,105.21,105.2,1,2,3,6,6,1
2020-01-02 09:34:55,105.32,6.000,63188.000,105.37,105.38,105.42,105.5,105.57,18,7,10,3,5,105.3,105.27,105.25,105.23,105.21,2,1,2,3,6,1
2020-01-02 09:34:58,105.35,3.000,31610.000,105.35,105.37,105.38,105.4,105.42,3,16,7,3,10,105.3,105.27,105.25,105.23,105.21,3,1,2,3,6,1
2020-01-02 09:35:01,105.3,4.000,42124.000,105.34,105.35,105.37,105.38,105.4,2,3,16,7,3,105.31,105.3,105.27,105.25,105.23,4,2,4,2,3,0
2020-01-02 09:35:04,105.3,11.000,115828.000,105.3,105.34,105.35,105.38,105.4,13,2,3,7,3,105.27,105.25,105.23,105.21,105.2,2,2,3,6,8,0
2020-01-02 09:35:10,105.3,3.000,31586.000,105.3,105.31,105.34,105.38,105.4,17,15,2,7,3,105.27,105.25,105.23,105.21,105.2,1,2,3,6,8,1
2020-01-02 09:35:13,105.3,9.000,94772.000,105.3,105.31,105.34,105.35,105.38,9,16,2,1,7,105.27,105.25,105.23,105.21,105.2,1,2,3,6,8,1
2020-01-02 09:35:16,105.3,3.000,31588.000,105.3,105.31,105.34,105.35,105.38,1,16,2,1,7,105.27,105.25,105.23,105.21,105.2,5,2,3,6,9,1
2020-01-02 09:35:19,105.3,6.000,63180.000,105.31,105.34,105.35,105.38,105.4,1,2,1,7,3,105.3,105.28,105.27,105.25,105.23,31,1,4,2,3,1
2020-01-02 09:35:22,105.31,32.000,336960.000,105.34,105.35,105.38,105.4,105.42,2,1,7,3,1,105.31,105.3,105.28,105.27,105.25,29,3,1,4,2,1
2020-01-02 09:35:26,105.34,3.000,31596.000,105.34,105.35,105.38,105.4,105.42,1,1,7,3,1,105.31,105.3,105.28,105.27,105.25,27,14,1,4,2,1
2020-01-02 09:35:28,105.35,3.000,31600.000,105.38,105.4,105.42,105.5,105.57,7,3,1,4,5,105.35,105.34,105.31,105.3,105.28,2,1,38,15,1,1
2020-01-02 09:35:31,105.31,30.000,315972.000,105.38,105.4,105.42,105.5,105.57,7,3,1,4,5,105.31,105.3,105.28,105.27,105.26,26,15,1,4,1,0
2020-01-02 09:35:34,105.3,38.000,400200.000,105.38,105.4,105.42,105.5,105.57,7,3,1,2,5,105.3,105.28,105.27,105.26,105.25,14,1,4,1,2,0
2020-01-02 09:35:37,105.38,7.000,73764.000,105.4,105.42,105.5,105.57,105.58,3,1,2,5,1,105.38,105.36,105.3,105.28,105.27,4,1,13,1,4,1
2020-01-02 09:35:40,105.4,3.000,31620.000,105.42,105.5,105.57,105.58,105.59,1,2,5,1,6,105.38,105.36,105.34,105.32,105.3,6,1,1,2,13,1
2020-01-02 09:35:43,105.35,10.000,105370.000,105.35,105.42,105.5,105.57,105.58,3,1,2,5,1,105.34,105.32,105.31,105.3,105.28,19,2,2,13,1,0
2020-01-02 09:35:46,105.35,1.000,10534.000,105.35,105.4,105.5,105.57,105.58,2,1,2,5,1,105.34,105.32,105.31,105.3,105.28,19,2,2,13,1,1
2020-01-02 09:35:49,105.4,3.000,31612.000,105.5,105.57,105.58,105.59,105.79,2,5,1,6,56,105.42,105.41,105.4,105.34,105.32,10,3,1,19,2,1
2020-01-02 09:35:52,105.4,21.000,221356.000,105.5,105.57,105.58,105.59,105.79,2,5,1,6,56,105.41,105.34,105.32,105.31,105.3,1,18,4,2,16,0
2020-01-02 09:35:55,105.34,9.000,94814.000,105.38,105.45,105.5,105.57,105.58,1,3,2,5,1,105.34,105.32,105.31,105.3,105.28,26,4,2,16,1,0
2020-01-02 09:35:58,105.38,3.000,31606.000,105.45,105.5,105.57,105.58,105.59,3,1,5,1,6,105.38,105.34,105.32,105.31,105.3,2,24,4,2,16,1
2020-01-02 09:36:01,105.4,2.000,21080.000,105.41,105.45,105.5,105.57,105.58,12,3,4,5,1,105.38,105.34,105.32,105.31,105.3,6,24,4,2,16,1
2020-01-02 09:36:04,105.38,8.000,84314.000,105.41,105.45,105.5,105.57,105.58,9,3,4,5,1,105.38,105.34,105.32,105.31,105.3,1,24,4,2,16,0
2020-01-02 09:36:07,105.41,2.000,21082.000,105.4,105.41,105.45,105.5,105.57,1,7,3,4,5,105.38,105.34,105.32,105.31,105.3,1,24,4,2,16,1
2020-01-02 09:36:10,105.4,4.000,42162.000,105.4,105.41,105.45,105.5,105.57,1,5,3,4,5,105.38,105.35,105.34,105.32,105.31,1,1,24,3,2,0
2020-01-02 09:36:13,105.4,1.000,10540.000,105.41,105.45,105.5,105.57,105.58,5,3,4,5,1,105.4,105.38,105.35,105.34,105.32,3,4,3,24,3,1
2020-01-02 09:36:16,105.41,5.000,52706.000,105.45,105.5,105.57,105.58,105.59,3,4,5,1,6,105.41,105.4,105.38,105.35,105.34,3,7,5,11,34,1
2020-01-02 09:36:19,105.4,15.000,158100.000,105.4,105.45,105.5,105.57,105.58,25,3,4,5,1,105.38,105.35,105.34,105.32,105.31,5,11,34,3,2,0
2020-01-02 09:36:22,105.4,6.000,63236.000,105.4,105.45,105.5,105.57,105.58,20,3,4,5,1,105.38,105.35,105.34,105.32,105.31,4,11,34,3,2,1
2020-01-02 09:36:26,105.4,2.000,21080.000,105.4,105.45,105.5,105.57,105.58,18,3,4,5,1,105.38,105.37,105.35,105.34,105.32,4,1,11,36,3,1
2020-01-02 09:36:28,105.38,93.000,982556.000,105.79,106,106.07,106.12,106.13,3,9,1,2,13,105.4,105.38,105.37,105.35,105.34,5,2,1,11,36,0
2020-01-02 09:36:31,105.4,6.000,63240.000,105.79,106,106.07,106.12,106.13,3,9,1,2,13,105.4,105.38,105.37,105.35,105.34,3,3,1,11,36,1
2020-01-02 09:36:35,105.4,2.000,21080.000,105.79,106,106.07,106.12,106.13,3,9,1,2,13,105.4,105.38,105.37,105.35,105.34,4,3,1,12,36,0
2020-01-02 09:36:40,105.79,2.000,21120.000,105.79,106,106.07,106.12,106.13,2,9,1,2,13,105.41,105.4,105.38,105.37,105.35,7,5,3,2,12,1
2020-01-02 09:36:43,105.38,14.000,147572.000,105.79,106,106.07,106.12,106.13,2,9,1,2,13,105.38,105.37,105.35,105.34,105.32,2,2,13,36,3,0
2020-01-02 09:36:46,105.4,1.000,10540.000,105.79,106,106.07,106.13,106.19,2,9,1,13,4,105.38,105.37,105.35,105.34,105.32,2,2,12,36,3,1
2020-01-02 09:36:50,105.79,5.000,52894.000,106,106.07,106.12,106.13,106.19,9,1,2,13,4,105.79,105.4,105.38,105.37,105.35,1,3,2,2,12,1
2020-01-02 09:36:58,105.92,1.000,10592.000,106,106.07,106.12,106.13,106.19,9,1,2,13,4,105.79,105.45,105.4,105.39,105.38,1,1,6,4,4,1
2020-01-02 09:37:01,106,1.000,10600.000,106,106.07,106.12,106.13,106.19,9,1,2,13,4,105.92,105.79,105.45,105.41,105.4,1,1,1,3,6,1
2020-01-02 09:37:04,105.79,2.000,21170.000,105.79,106,106.07,106.12,106.13,24,9,1,2,13,105.45,105.41,105.4,105.39,105.38,1,4,6,4,4,0
2020-01-02 09:37:08,105.79,1.000,10580.000,105.78,105.79,105.99,106,106.07,1,26,1,9,1,105.45,105.41,105.4,105.39,105.38,16,4,6,4,4,1
2020-01-02 09:37:10,105.79,12.000,126948.000,105.79,105.99,106,106.01,106.07,12,1,9,2,1,105.46,105.45,105.41,105.4,105.39,2,16,4,6,4,1
2020-01-02 09:37:13,105.79,3.000,31736.000,105.79,105.99,106,106.01,106.07,34,1,9,2,1,105.47,105.46,105.45,105.41,105.4,2,2,16,4,6,1
2020-01-02 09:37:16,105.79,3.000,31736.000,105.79,105.92,105.99,106,106.01,32,1,1,9,2,105.47,105.46,105.45,105.41,105.4,2,2,16,4,6,1
2020-01-02 09:37:19,105.79,3.000,31738.000,105.79,105.92,105.99,106,106.01,29,1,1,9,2,105.78,105.47,105.46,105.45,105.41,2,2,2,16,4,1
2020-01-02 09:37:23,105.75,6.000,63466.000,105.78,105.79,105.92,105.99,106,1,29,1,1,9,105.47,105.46,105.45,105.41,105.4,2,2,16,4,6,0
2020-01-02 09:37:29,105.78,5.000,52888.000,105.78,105.79,105.92,105.99,106,6,28,1,1,11,105.47,105.46,105.45,105.41,105.4,2,2,16,1,6,1
2020-01-02 09:37:31,105.79,13.000,137522.000,105.79,105.92,105.99,106,106.01,20,1,1,11,2,105.54,105.47,105.46,105.45,105.41,4,2,2,16,1,1
2020-01-02 09:37:34,105.54,4.000,42216.000,105.79,105.92,105.99,106,106.01,20,1,1,11,2,105.47,105.46,105.45,105.41,105.4,2,2,16,1,6,0
2020-01-02 09:37:38,105.79,17.000,179810.000,105.79,105.92,105.99,106,106.01,4,1,1,11,2,105.47,105.46,105.45,105.41,105.4,1,2,16,1,6,1
2020-01-02 09:37:41,105.47,1.000,10548.000,105.47,105.76,105.79,105.92,105.99,1,1,4,1,1,105.46,105.45,105.41,105.4,105.39,2,15,1,6,4,0
2020-01-02 09:37:43,105.47,1.000,10548.000,105.76,105.79,105.92,105.98,105.99,1,4,1,3,1,105.46,105.45,105.41,105.4,105.39,2,18,1,6,4,1
2020-01-02 09:37:46,105.79,8.000,84578.000,105.92,105.98,105.99,106,106.01,1,3,2,11,2,105.79,105.46,105.45,105.41,105.4,5,2,18,1,6,1
2020-01-02 09:37:52,105.79,5.000,52908.000,105.92,105.98,105.99,106,106.01,3,3,2,11,2,105.79,105.5,105.47,105.46,105.45,1,1,1,8,18,0
2020-01-02 09:37:55,105.45,39.000,411304.000,105.45,105.61,105.92,105.98,105.99,18,3,3,3,4,105.41,105.4,105.39,105.38,105.37,1,7,4,3,8,0
2020-01-02 09:37:58,105.45,5.000,52726.000,105.45,105.61,105.79,105.92,105.98,13,3,1,3,3,105.41,105.4,105.39,105.38,105.37,1,6,4,3,8,1
2020-01-02 09:38:02,105.45,4.000,42180.000,105.45,105.61,105.79,105.92,105.98,9,3,2,3,3,105.41,105.4,105.39,105.38,105.37,1,8,4,3,8,1
2020-01-02 09:38:04,105.45,6.000,63268.000,105.45,105.61,105.79,105.92,105.98,3,3,1,3,3,105.41,105.4,105.39,105.38,105.37,1,9,4,3,8,1
2020-01-02 09:38:07,105.52,4.000,42188.000,105.61,105.79,105.92,105.98,105.99,3,1,3,3,4,105.45,105.41,105.4,105.39,105.38,2,1,9,4,3,1
2020-01-02 09:38:10,105.45,2.000,21090.000,105.61,105.79,105.92,105.98,105.99,3,1,3,3,4,105.45,105.41,105.4,105.39,105.38,3,2,9,4,3,0
2020-01-02 09:38:13,105.46,1.000,10546.000,105.61,105.92,105.98,105.99,106,3,5,3,4,14,105.45,105.42,105.41,105.4,105.39,4,1,2,10,4,1
2020-01-02 09:38:16,105.61,1.000,10560.000,105.52,105.61,105.92,105.98,105.99,1,2,6,3,4,105.45,105.42,105.41,105.4,105.39,5,1,2,10,4,1
2020-01-02 09:38:19,105.61,3.000,31676.000,105.92,105.98,105.99,106,106.01,6,3,4,14,2,105.61,105.46,105.45,105.42,105.41,15,2,2,1,2,1
2020-01-02 09:38:22,105.61,1.000,10560.000,105.92,105.98,105.99,106,106.01,6,3,4,14,2,105.61,105.46,105.45,105.42,105.41,19,2,2,1,2,0
2020-01-02 09:38:25,105.61,1.000,10560.000,105.91,105.92,105.98,105.99,106,2,6,3,4,14,105.61,105.46,105.45,105.42,105.41,18,2,2,1,1,0
2020-01-02 09:38:31,105.62,1.000,10564.000,105.84,105.9,105.91,105.92,105.98,1,1,2,6,3,105.62,105.61,105.52,105.46,105.45,5,18,1,2,2,1
2020-01-02 09:38:34,105.9,3.000,31736.000,105.91,105.92,105.98,105.99,106,2,6,3,4,14,105.62,105.61,105.52,105.46,105.45,4,18,1,1,2,1
2020-01-02 09:38:43,105.91,3.000,31772.000,105.92,105.98,105.99,106,106.01,6,3,3,14,2,105.91,105.62,105.61,105.6,105.52,7,5,20,1,1,1
2020-01-02 09:38:46,105.91,3.000,31772.000,105.92,105.97,105.98,105.99,106,6,1,3,3,14,105.91,105.63,105.62,105.61,105.6,4,24,5,20,1,0
2020-01-02 09:38:49,105.63,8.000,84644.000,105.92,105.97,105.98,105.99,106,6,1,3,3,11,105.63,105.62,105.61,105.6,105.52,21,5,20,2,1,0
2020-01-02 09:38:52,105.92,12.000,127096.000,105.92,105.97,105.98,105.99,106,1,1,5,3,11,105.91,105.63,105.62,105.61,105.6,1,21,5,20,2,1
2020-01-02 09:38:55,105.98,8.000,84718.000,105.98,105.99,106,106.01,106.12,4,3,11,2,2,105.63,105.62,105.61,105.6,105.52,21,5,15,2,1,1
2020-01-02 09:38:58,105.92,1.000,10592.000,105.98,105.99,106,106.01,106.12,4,3,11,2,2,105.63,105.62,105.61,105.6,105.52,21,4,15,2,1,0
2020-01-02 09:39:01,105.98,2.000,21196.000,105.98,105.99,106,106.01,106.12,2,3,11,2,2,105.92,105.63,105.62,105.61,105.6,5,21,4,15,2,1
2020-01-02 09:39:04,105.92,5.000,52960.000,105.91,105.98,105.99,106,106.01,6,2,3,17,2,105.63,105.61,105.6,105.52,105.5,23,15,2,1,1,0
2020-01-02 09:39:07,105.91,1.000,10590.000,105.91,105.97,105.98,105.99,106,5,12,2,3,17,105.63,105.61,105.6,105.52,105.5,33,15,3,1,1,0
2020-01-02 09:39:10,105.91,2.000,21184.000,105.91,105.97,105.98,105.99,106,6,12,2,3,17,105.65,105.63,105.61,105.6,105.52,1,33,15,3,1,1
2020-01-02 09:39:13,105.65,2.000,21156.000,105.9,105.91,105.97,105.98,105.99,1,7,13,2,3,105.63,105.61,105.6,105.52,105.5,34,15,3,1,1,0
2020-01-02 09:39:16,105.91,5.000,52952.000,105.91,105.92,105.97,105.98,105.99,4,1,13,2,3,105.64,105.63,105.61,105.6,105.52,1,34,15,2,1,1
2020-01-02 09:39:22,105.9,5.000,52950.000,105.9,105.91,105.92,105.96,105.97,2,4,1,1,13,105.64,105.63,105.61,105.6,105.52,1,33,15,2,1,0
2020-01-02 09:39:28,105.9,10.000,105900.000,105.76,105.9,105.91,105.92,105.96,2,3,4,1,1,105.66,105.65,105.64,105.63,105.61,1,8,3,33,15,1
2020-01-02 09:39:31,105.91,10.000,105850.000,105.91,105.92,105.96,105.97,105.98,2,1,1,13,2,105.65,105.64,105.63,105.61,105.6,17,5,33,15,2,1
2020-01-02 09:39:34,105.9,2.000,21180.000,105.91,105.92,105.96,105.97,105.98,2,1,1,13,2,105.65,105.64,105.63,105.61,105.6,17,5,33,15,2,0
2020-01-02 09:39:40,105.92,6.000,63544.000,105.96,105.97,105.98,105.99,106,4,13,2,3,17,105.92,105.65,105.64,105.63,105.61,3,17,5,33,15,1
2020-01-02 09:39:43,105.92,3.000,31776.000,105.95,105.96,105.97,105.98,105.99,1,4,13,2,3,105.66,105.65,105.64,105.63,105.61,2,17,5,33,15,0
2020-01-02 09:39:46,105.91,1.000,10592.000,105.95,105.96,105.97,105.98,105.99,1,4,1,2,3,105.76,105.68,105.66,105.65,105.64,2,1,2,17,5,0
2020-01-02 09:39:52,105.9,1.000,10588.000,105.9,105.95,105.96,105.98,105.99,8,1,4,7,3,105.76,105.68,105.66,105.65,105.64,2,1,5,14,5,0
2020-01-02 09:39:55,105.9,7.000,74116.000,105.9,105.95,105.96,105.98,105.99,2,1,4,7,3,105.76,105.68,105.66,105.65,105.64,1,1,5,14,5,1
2020-01-02 09:39:58,105.76,4.000,42352.000,105.76,105.95,105.96,105.98,105.99,2,2,4,7,3,105.68,105.66,105.65,105.64,105.63,1,5,14,5,33,0
2020-01-02 09:40:01,105.95,3.000,31748.000,105.95,105.96,105.98,105.99,106,13,4,7,3,16,105.68,105.66,105.65,105.64,105.63,1,5,14,5,33,1
2020-01-02 09:40:11,105.76,5.000,52880.000,105.9,105.93,105.94,105.95,105.96,2,1,6,13,4,105.76,105.72,105.7,105.68,105.66,3,1,4,1,5,0
2020-01-02 09:40:13,105.9,1.000,10588.000,105.9,105.93,105.94,105.95,105.96,1,1,6,13,4,105.76,105.72,105.7,105.68,105.66,7,1,5,1,5,1
2020-01-02 09:40:16,105.93,2.000,21184.000,105.94,105.95,105.96,105.98,105.99,5,13,4,7,3,105.9,105.76,105.72,105.7,105.68,3,5,1,5,1,1
2020-01-02 09:40:22,105.9,6.000,63556.000,105.94,105.95,105.96,105.98,105.99,1,13,4,8,3,105.9,105.76,105.72,105.7,105.68,4,5,1,4,2,0
2020-01-02 09:40:25,105.94,1.000,10594.000,105.95,105.96,105.98,105.99,106,13,3,8,3,15,105.94,105.9,105.76,105.72,105.7,2,4,4,1,4,1
2020-01-02 09:40:28,105.93,11.000,116446.000,105.95,105.96,105.98,105.99,106,13,1,8,3,15,105.94,105.75,105.72,105.7,105.68,1,10,1,4,1,0
2020-01-02 09:40:31,105.95,10.000,105940.000,105.95,105.96,105.98,105.99,106,5,1,8,3,15,105.75,105.7,105.66,105.65,105.64,10,4,5,11,2,1
2020-01-02 09:40:34,105.93,5.000,52966.000,105.93,105.94,105.95,105.96,105.98,1,1,3,1,8,105.75,105.7,105.66,105.65,105.64,10,4,5,11,2,0
2020-01-02 09:40:37,105.95,20.000,211858.000,105.96,105.98,105.99,106,106.01,2,8,3,15,2,105.95,105.75,105.7,105.66,105.65,9,10,4,5,10,1
2020-01-02 09:40:40,105.95,1.000,10596.000,105.96,105.98,105.99,106,106.01,2,8,3,15,2,105.95,105.75,105.7,105.66,105.65,8,10,5,5,10,0
2020-01-02 09:40:43,105.77,13.000,137636.000,105.95,105.96,105.98,105.99,106,2,2,8,3,15,105.75,105.7,105.66,105.65,105.63,6,5,5,10,33,0
2020-01-02 09:40:46,105.95,10.000,105952.000,105.94,105.96,105.98,105.99,106,71,2,8,3,15,105.77,105.76,105.75,105.7,105.66,3,2,6,5,5,1
2020-01-02 09:40:52,105.77,2.000,21170.000,105.94,105.95,105.96,105.98,105.99,70,1,2,8,3,105.77,105.76,105.75,105.7,105.67,2,3,6,5,1,0
2020-01-02 09:40:55,105.77,2.000,21154.000,105.77,105.93,105.94,105.95,105.96,9,1,70,12,2,105.76,105.75,105.7,105.67,105.66,3,6,7,1,5,0
2020-01-02 09:40:59,105.77,3.000,31732.000,105.77,105.93,105.94,105.95,105.96,6,2,70,12,2,105.76,105.75,105.7,105.67,105.66,3,6,7,1,5,1
2020-01-02 09:41:02,105.77,6.000,63460.000,105.77,105.93,105.94,105.95,105.96,1,2,70,12,2,105.76,105.75,105.73,105.7,105.67,3,6,1,7,1,1
2020-01-02 09:41:05,105.94,10.000,105922.000,105.9,105.94,105.95,105.96,105.98,1,63,12,2,8,105.77,105.76,105.75,105.73,105.7,2,3,6,1,7,1
2020-01-02 09:41:07,105.76,4.000,42306.000,105.87,105.9,105.91,105.94,105.95,4,1,1,63,12,105.76,105.75,105.73,105.7,105.67,1,6,1,7,1,0
2020-01-02 09:41:10,105.77,1.000,10576.000,105.87,105.9,105.91,105.93,105.94,4,1,1,5,63,105.77,105.76,105.75,105.73,105.7,2,1,6,1,7,1
2020-01-02 09:41:16,105.77,1.000,10578.000,105.87,105.9,105.91,105.93,105.94,4,1,1,6,63,105.78,105.77,105.76,105.75,105.73,1,3,1,6,1,0
2020-01-02 09:41:19,105.87,1.000,10586.000,105.86,105.87,105.9,105.91,105.93,2,3,1,1,6,105.78,105.77,105.76,105.75,105.73,3,5,1,6,1,1
2020-01-02 09:41:25,105.71,17.000,179790.000,105.71,105.76,105.77,105.86,105.87,13,1,1,2,3,105.7,105.67,105.66,105.65,105.63,8,1,5,10,23,0
2020-01-02 09:41:31,105.71,6.000,63426.000,105.71,105.76,105.77,105.84,105.86,7,1,1,1,4,105.7,105.67,105.66,105.65,105.63,7,1,5,10,23,1
2020-01-02 09:41:34,105.7,2.000,21140.000,105.71,105.76,105.77,105.84,105.86,6,1,1,1,4,105.7,105.67,105.66,105.65,105.63,6,1,5,10,25,0
2020-01-02 09:41:37,105.76,10.000,105732.000,105.77,105.84,105.86,105.87,105.91,1,1,4,3,1,105.71,105.7,105.67,105.66,105.65,4,6,1,5,10,1
2020-01-02 09:41:40,105.71,5.000,52854.000,105.71,105.77,105.78,105.84,105.86,7,1,1,1,4,105.7,105.67,105.66,105.65,105.63,16,1,5,10,24,0
2020-01-02 09:41:43,105.7,17.000,179690.000,105.7,105.71,105.78,105.84,105.86,3,6,1,1,2,105.67,105.66,105.65,105.63,105.61,1,6,10,24,10,0
2020-01-02 09:41:46,105.7,1.000,10572.000,105.7,105.71,105.78,105.84,105.86,2,6,1,1,2,105.67,105.66,105.65,105.63,105.61,1,6,10,24,10,1
2020-01-02 09:41:49,105.7,3.000,31708.000,105.71,105.78,105.84,105.86,105.87,7,1,1,2,3,105.67,105.66,105.65,105.63,105.61,3,6,10,24,10,1
2020-01-02 09:41:55,105.69,57.000,602184.000,105.69,105.7,105.71,105.78,105.84,29,1,6,1,1,105.66,105.61,105.6,105.5,105.48,2,4,2,10,1,0
2020-01-02 09:41:58,105.66,2.000,21132.000,105.63,105.69,105.7,105.71,105.78,3,29,1,6,1,105.61,105.6,105.5,105.48,105.45,4,2,10,1,1,0
2020-01-02 09:42:04,105.68,14.000,147936.000,105.69,105.7,105.71,105.78,105.84,29,2,6,1,1,105.61,105.5,105.48,105.45,105.41,4,11,1,1,6,1
2020-01-02 09:42:07,105.63,1.000,10564.000,105.66,105.69,105.7,105.71,105.78,1,29,2,6,1,105.61,105.5,105.48,105.45,105.41,4,11,1,1,6,0
2020-01-02 09:42:10,105.61,3.000,31682.000,105.66,105.69,105.7,105.71,105.78,1,29,2,6,1,105.61,105.5,105.48,105.45,105.41,1,11,1,1,6,0
2020-01-02 09:42:13,105.61,1.000,10562.000,105.66,105.69,105.7,105.71,105.78,1,29,2,6,1,105.5,105.48,105.45,105.41,105.4,11,1,1,6,3,0
2020-01-02 09:42:16,105.63,5.000,52814.000,105.61,105.66,105.69,105.7,105.71,3,86,29,1,6,105.6,105.5,105.48,105.45,105.41,3,12,1,1,6,1
2020-01-02 09:42:23,105.61,2.000,21122.000,105.61,105.66,105.69,105.7,105.71,12,86,29,1,6,105.6,105.51,105.5,105.48,105.45,2,1,12,1,1,0
2020-01-02 09:42:25,105.5,4.000,42220.000,105.61,105.66,105.69,105.7,105.71,12,86,29,1,6,105.5,105.48,105.45,105.41,105.4,11,1,1,6,3,0
2020-01-02 09:42:28,105.61,12.000,126728.000,105.61,105.66,105.69,105.7,105.71,3,86,29,1,6,105.5,105.48,105.45,105.41,105.4,11,1,1,6,3,1
2020-01-02 09:42:34,105.5,10.000,105500.000,105.6,105.66,105.69,105.7,105.71,2,86,29,1,6,105.5,105.48,105.45,105.41,105.4,1,1,1,6,3,0
2020-01-02 09:42:37,105.5,1.000,10552.000,105.5,105.6,105.66,105.69,105.7,4,8,85,29,1,105.48,105.45,105.41,105.4,105.38,1,1,6,3,2,0
2020-01-02 09:42:40,105.5,4.000,42200.000,105.6,105.65,105.66,105.69,105.7,8,5,85,29,1,105.5,105.48,105.45,105.41,105.4,6,1,1,6,3,1
2020-01-02 09:42:43,105.5,8.000,84408.000,105.5,105.6,105.65,105.66,105.69,2,7,5,85,29,105.48,105.45,105.41,105.4,105.38,1,1,6,3,2,0
2020-01-02 09:42:46,105.42,3.000,31636.000,105.48,105.5,105.6,105.65,105.66,1,10,6,5,85,105.41,105.4,105.38,105.37,105.35,6,4,2,5,9,0
2020-01-02 09:42:49,105.48,1.000,10548.000,105.5,105.6,105.65,105.66,105.69,10,6,5,85,29,105.41,105.4,105.38,105.37,105.35,6,4,2,5,9,1
2020-01-02 09:42:52,105.48,2.000,21098.000,105.48,105.5,105.6,105.65,105.66,3,9,6,5,85,105.41,105.4,105.38,105.37,105.35,6,4,2,5,9,0
2020-01-02 09:42:59,105.4,10.000,105406.000,105.48,105.5,105.65,105.66,105.69,3,5,5,85,29,105.38,105.37,105.35,105.34,105.32,4,5,9,11,2,0
2020-01-02 09:43:01,105.34,26.000,273936.000,105.38,105.41,105.48,105.5,105.65,13,10,2,5,5,105.34,105.32,105.31,105.3,105.27,4,2,2,3,2,0
2020-01-02 09:43:05,105.38,1.000,10538.000,105.38,105.41,105.47,105.48,105.5,12,16,3,2,5,105.34,105.32,105.31,105.3,105.27,4,2,2,3,2,1
2020-01-02 09:43:10,105.41,2.000,21082.000,105.41,105.47,105.48,105.5,105.6,14,8,1,5,1,105.34,105.32,105.31,105.3,105.27,4,2,2,3,2,1
2020-01-02 09:43:13,105.4,2.000,21074.000,105.41,105.47,105.5,105.6,105.65,14,8,5,1,6,105.38,105.36,105.35,105.34,105.32,2,1,1,3,2,0
2020-01-02 09:43:16,105,110.000,1156530.000,105,105.41,105.47,105.5,105.6,41,13,5,2,1,104.78,104.75,104.71,104.7,104.65,1,1,5,1,1,0
2020-01-02 09:43:19,105,2.000,21000.000,105,105.29,105.3,105.34,105.35,39,15,2,8,4,104.78,104.75,104.71,104.7,104.65,1,1,5,1,1,1
2020-01-02 09:43:22,105,5.000,52500.000,105,105.29,105.3,105.34,105.35,34,15,2,8,4,104.78,104.75,104.71,104.7,104.65,1,1,5,1,1,1
2020-01-02 09:43:28,104.92,4.000,41992.000,105,105.29,105.34,105.38,105.41,31,15,8,4,7,104.81,104.78,104.75,104.71,104.7,3,2,1,5,1,0
2020-01-02 09:43:31,104.78,11.000,115400.000,105,105.29,105.34,105.38,105.41,25,15,5,4,7,104.75,104.71,104.7,104.65,104.64,1,5,1,1,1,0
2020-01-02 09:43:34,104.79,1.000,10478.000,105,105.29,105.34,105.38,105.41,25,15,5,4,7,104.75,104.71,104.7,104.65,104.64,1,5,1,1,1,1
2020-01-02 09:43:37,104.73,11.000,115422.000,104.73,104.75,104.92,105,105.34,4,12,7,17,5,104.71,104.7,104.64,104.56,104.53,5,1,1,1,1,0
2020-01-02 09:43:40,104.7,7.000,73300.000,104.73,104.75,104.77,104.78,104.81,3,12,2,1,4,104.64,104.56,104.53,104.51,104.5,3,1,1,2,10,0
2020-01-02 09:43:43,104.73,5.000,52364.000,104.75,104.77,104.78,104.81,104.97,12,2,1,13,4,104.73,104.64,104.56,104.53,104.51,29,3,1,1,2,1
2020-01-02 09:43:46,104.71,35.000,366556.000,104.71,104.77,104.78,104.81,104.97,2,2,1,13,4,104.64,104.56,104.53,104.51,104.5,3,1,1,2,10,0
2020-01-02 09:43:50,104.56,12.000,125494.000,104.51,104.56,104.64,104.71,104.77,1,1,4,4,2,104.5,104.45,104.38,104.37,104.33,11,1,2,3,10,0
2020-01-02 09:43:52,104.64,14.000,146350.000,104.64,104.66,104.7,104.71,104.72,3,3,7,43,5,104.5,104.45,104.38,104.37,104.33,2,1,2,3,10,1
2020-01-02 09:43:55,104.64,12.000,125528.000,104.66,104.7,104.71,104.72,104.73,3,7,43,5,10,104.51,104.45,104.38,104.37,104.33,2,1,2,3,10,1
2020-01-02 09:43:58,104.53,11.000,114952.000,104.64,104.7,104.71,104.72,104.73,6,1,43,5,9,104.58,104.53,104.38,104.37,104.33,5,11,2,3,10,0
2020-01-02 09:44:01,104.58,5.000,52296.000,104.64,104.7,104.71,104.72,104.73,5,1,40,5,8,104.58,104.55,104.53,104.51,104.5,1,1,11,10,3,1
2020-01-02 09:44:05,104.5,26.000,271770.000,104.58,104.6,104.64,104.7,104.71,1,1,4,1,40,104.5,104.38,104.37,104.35,104.34,3,2,7,1,21,0
2020-01-02 09:44:07,104.53,11.000,115004.000,104.6,104.64,104.7,104.71,104.72,1,4,1,40,5,104.54,104.45,104.38,104.37,104.35,1,3,3,8,1,1
2020-01-02 09:44:10,104.58,13.000,135898.000,104.58,104.64,104.71,104.72,104.73,2,2,40,5,6,104.56,104.38,104.37,104.35,104.34,2,3,6,1,22,1
2020-01-02 09:44:13,104.56,8.000,83684.000,104.5,104.57,104.71,104.72,104.73,1,4,39,5,6,104.38,104.37,104.35,104.34,104.33,3,6,1,22,10,0
2020-01-02 09:44:16,104.6,6.000,62740.000,104.54,104.71,104.73,104.97,105,1,39,6,4,17,104.48,104.38,104.37,104.35,104.34,1,3,6,5,22,1
2020-01-02 09:44:19,104.58,5.000,52292.000,104.71,104.73,104.97,105,105.34,38,6,4,17,5,104.58,104.53,104.5,104.48,104.4,10,1,5,1,4,0
2020-01-02 09:44:22,104.58,6.000,62748.000,104.71,104.73,104.97,105,105.34,38,6,4,17,5,104.58,104.53,104.5,104.48,104.4,4,1,8,1,5,0
2020-01-02 09:44:25,104.6,6.000,62794.000,104.71,104.73,104.97,105,105.34,35,3,4,17,5,104.6,104.58,104.54,104.53,104.5,1,30,4,2,12,1
2020-01-02 09:44:28,104.71,5.000,52318.000,104.71,104.73,104.97,105,105.34,33,1,4,17,5,104.6,104.58,104.54,104.53,104.52,2,28,10,12,5,1
2020-01-02 09:44:31,104.6,4.000,41840.000,104.71,104.73,104.97,105,105.34,33,1,4,17,5,104.6,104.59,104.58,104.57,104.54,1,2,31,2,10,0
2020-01-02 09:44:34,104.71,4.000,41872.000,104.71,104.73,104.97,105,105.34,30,1,4,17,5,104.7,104.6,104.59,104.58,104.57,6,10,2,31,2,1
2020-01-02 09:44:37,104.71,8.000,83766.000,104.71,104.73,104.97,105,105.34,24,1,4,19,5,104.7,104.62,104.6,104.59,104.58,4,1,11,3,31,1
2020-01-02 09:44:40,104.73,29.000,303658.000,104.97,105,105.34,105.5,105.6,4,19,5,1,1,104.71,104.7,104.69,104.62,104.6,52,1,5,1,12,1
2020-01-02 09:44:43,104.71,35.000,366484.000,104.97,105,105.34,105.5,105.6,4,19,5,1,1,104.71,104.7,104.69,104.65,104.62,22,1,5,4,3,0
2020-01-02 09:44:46,105,6.000,62988.000,105,105.34,105.5,105.6,105.65,17,5,1,1,6,104.72,104.71,104.7,104.69,104.65,3,40,1,5,4,1
2020-01-02 09:44:49,104.71,7.000,73304.000,105,105.34,105.5,105.6,105.65,17,5,1,1,6,104.72,104.71,104.7,104.65,104.62,6,35,2,4,1,0
2020-01-02 09:44:52,105,35.000,366606.000,105,105.3,105.34,105.5,105.6,13,5,5,1,1,104.71,104.7,104.65,104.62,104.61,11,2,4,1,3,1
2020-01-02 09:44:55,104.97,1.000,10498.000,105,105.3,105.34,105.5,105.6,13,5,5,1,1,104.75,104.72,104.71,104.7,104.65,2,9,11,2,4,0
2020-01-02 09:44:58,105,10.000,105000.000,105,105.3,105.34,105.5,105.6,3,5,5,1,1,104.8,104.75,104.72,104.71,104.7,20,17,15,12,2,1
2020-01-02 09:45:01,105.1,15.000,157620.000,105.3,105.34,105.5,105.6,105.65,5,5,1,1,6,105.1,104.8,104.79,104.75,104.74,5,20,2,17,2,1
2020-01-02 09:45:07,105.3,5.000,52648.000,105.34,105.5,105.6,105.65,105.69,5,1,3,6,29,105.3,105.1,105.03,105,104.81,11,5,2,14,1,1
2020-01-02 09:45:13,105.34,5.000,52672.000,105.5,105.6,105.65,105.66,105.69,1,3,6,2,29,105.34,105.3,105.1,105,104.81,1,9,5,18,1,1
2020-01-02 09:45:16,105.34,2.000,21068.000,105.5,105.6,105.65,105.66,105.69,1,3,6,2,29,105.35,105.34,105.3,105.1,105,6,6,8,5,19,0
2020-01-02 09:45:19,105.3,21.000,221228.000,105.34,105.6,105.65,105.66,105.67,34,3,6,2,1,105.1,105,104.85,104.81,104.8,6,19,1,1,11,0
2020-01-02 09:45:22,105.34,6.000,63200.000,105.34,105.6,105.65,105.66,105.67,29,3,6,2,1,105.1,105.01,105,104.85,104.81,6,1,20,1,1,1
2020-01-02 09:45:25,105.34,12.000,126398.000,105.34,105.6,105.65,105.66,105.67,20,3,6,2,1,105.1,105.01,105,104.85,104.81,6,1,20,1,1,1
2020-01-02 09:45:31,105.33,1.000,10534.000,105.33,105.34,105.35,105.6,105.65,2,26,2,3,6,105.13,105.1,105.01,105,104.86,1,6,2,19,2,0
2020-01-02 09:45:34,105.32,3.000,31596.000,105.34,105.35,105.6,105.65,105.66,26,1,3,6,2,105.29,105.13,105.1,105.01,105,1,1,6,2,19,0
2020-01-02 09:45:37,105.1,8.000,84128.000,105.33,105.34,105.35,105.44,105.6,5,25,1,1,3,105.1,105.01,105,104.86,104.85,1,6,19,2,1,0
2020-01-02 09:45:40,105.33,1.000,10532.000,105.33,105.34,105.35,105.44,105.6,4,25,1,1,3,105.1,105.01,105,104.86,104.85,1,6,21,2,1,1
2020-01-02 09:45:49,105.1,30.000,315944.000,105.34,105.35,105.44,105.6,105.63,1,1,1,2,1,105.01,105,104.86,104.85,104.82,7,11,3,1,4,0
2020-01-02 09:45:52,105.1,2.000,21024.000,105.1,105.3,105.33,105.34,105.35,1,1,1,1,1,105.01,105,104.86,104.85,104.82,7,11,3,1,4,0
2020-01-02 09:45:55,105.1,2.000,21012.000,105.1,105.3,105.32,105.33,105.34,5,1,1,18,1,105.01,105,104.89,104.86,104.85,7,11,1,3,1,1
2020-01-02 09:45:58,105.1,3.000,31528.000,105.1,105.3,105.32,105.33,105.34,2,3,2,18,1,105.08,105.01,105,104.89,104.86,2,7,11,1,3,1
2020-01-02 09:46:01,105.01,8.000,84032.000,105.1,105.3,105.32,105.33,105.34,2,3,2,18,1,105.01,105,104.89,104.86,104.85,3,11,1,3,1,0
2020-01-02 09:46:04,105.1,9.000,94512.000,105.1,105.3,105.32,105.33,105.34,1,3,2,20,1,105,104.89,104.86,104.85,104.82,6,1,3,1,4,1
2020-01-02 09:46:08,105,4.000,42004.000,105.01,105.1,105.3,105.32,105.33,5,2,3,2,20,105,104.89,104.86,104.85,104.82,4,1,3,1,4,0
2020-01-02 09:46:10,105.01,2.000,21000.000,105.01,105.1,105.3,105.32,105.33,3,2,3,2,20,105,104.89,104.86,104.85,104.82,5,1,3,1,4,1
2020-01-02 09:46:13,105.01,2.000,21000.000,105.01,105.1,105.3,105.32,105.33,1,2,3,2,20,105,104.89,104.86,104.85,104.82,9,1,3,1,4,1
2020-01-02 09:46:16,105,1.000,10504.000,105.01,105.1,105.3,105.32,105.33,8,2,3,2,20,105,104.89,104.86,104.85,104.83,8,1,3,1,1,0
2020-01-02 09:46:19,105,11.000,115500.000,105.01,105.1,105.3,105.32,105.33,5,2,3,2,20,104.89,104.86,104.85,104.83,104.82,1,3,1,1,4,0
2020-01-02 09:46:23,105.01,35.000,367536.000,105,105.1,105.3,105.32,105.33,17,2,3,2,20,104.89,104.86,104.85,104.83,104.82,1,3,5,1,4,1
2020-01-02 09:46:28,105,11.000,115500.000,105,105.1,105.3,105.32,105.33,94,2,3,1,19,104.89,104.86,104.85,104.83,104.82,1,3,5,1,4,0
2020-01-02 09:46:31,104.89,7.000,73424.000,104.89,105,105.1,105.3,105.32,5,97,2,3,1,104.86,104.85,104.83,104.82,104.8,3,5,1,4,19,0
2020-01-02 09:46:37,105,15.000,157456.000,105,105.1,105.3,105.32,105.33,86,2,3,1,14,104.89,104.86,104.85,104.83,104.82,46,3,5,1,11,1
2020-01-02 09:46:40,105,11.000,115500.000,105,105.1,105.3,105.32,105.33,75,2,3,1,14,104.89,104.86,104.85,104.83,104.82,46,3,5,1,11,1
2020-01-02 09:46:43,104.89,15.000,157332.000,105,105.1,105.3,105.32,105.33,75,2,3,1,14,104.89,104.86,104.85,104.83,104.82,32,3,4,1,11,0
2020-01-02 09:46:46,105,8.000,83936.000,105,105.1,105.3,105.32,105.33,78,1,3,1,14,104.89,104.86,104.85,104.83,104.82,26,1,4,1,11,1
2020-01-02 09:46:49,104.89,3.000,31468.000,104.98,105,105.1,105.3,105.32,1,78,1,3,1,104.89,104.86,104.85,104.83,104.82,23,1,4,1,11,0
2020-01-02 09:46:52,104.89,13.000,136356.000,104.98,105,105.1,105.3,105.32,3,78,1,3,1,104.92,104.89,104.86,104.85,104.83,2,10,1,4,1,0
2020-01-02 09:46:55,104.89,36.000,377804.000,104.89,105,105.1,105.3,105.32,1,63,1,3,1,104.86,104.85,104.83,104.82,104.8,1,4,1,11,14,0
2020-01-02 09:46:59,104.9,3.000,31468.000,104.89,105,105.1,105.3,105.32,3,63,1,3,1,104.86,104.85,104.83,104.82,104.8,1,4,1,11,14,1
2020-01-02 09:47:01,104.89,4.000,41956.000,104.89,104.92,105,105.1,105.3,5,1,63,1,3,104.86,104.85,104.83,104.82,104.8,1,4,1,11,14,0
2020-01-02 09:47:04,104.89,3.000,31468.000,104.89,104.92,105,105.1,105.3,2,1,58,1,3,104.86,104.85,104.83,104.82,104.8,1,4,1,11,14,1
2020-01-02 09:47:07,104.86,3.000,31460.000,104.86,104.89,104.92,105,105.1,1,1,1,63,1,104.85,104.83,104.82,104.8,104.75,4,2,11,14,15,0
2020-01-02 09:47:11,104.92,3.000,31468.000,105,105.1,105.3,105.32,105.33,63,1,3,1,2,104.86,104.85,104.83,104.82,104.8,15,4,2,11,14,1
2020-01-02 09:47:19,104.86,28.000,293640.000,105,105.1,105.3,105.32,105.33,63,1,3,1,2,104.85,104.83,104.82,104.81,104.8,4,2,11,11,14,0
2020-01-02 09:47:22,105,7.000,73496.000,105,105.1,105.3,105.32,105.33,56,1,3,1,2,104.98,104.88,104.86,104.85,104.83,1,2,10,4,2,1
2020-01-02 09:47:25,105,1.000,10504.000,105,105.1,105.3,105.32,105.33,55,1,3,1,2,104.98,104.91,104.88,104.86,104.85,1,2,2,10,4,1
2020-01-02 09:47:28,104.89,12.000,125916.000,104.9,105,105.1,105.3,105.32,39,52,1,3,1,104.89,104.88,104.86,104.85,104.83,1,2,10,4,3,0
2020-01-02 09:47:31,104.9,20.000,209800.000,104.9,105,105.1,105.3,105.32,19,52,1,3,1,104.89,104.88,104.86,104.85,104.83,1,2,10,4,3,1
2020-01-02 09:47:34,104.9,15.000,157348.000,104.9,105,105.1,105.3,105.32,4,54,1,3,1,104.89,104.88,104.86,104.85,104.83,4,2,10,4,3,1
2020-01-02 09:47:37,104.9,9.000,94408.000,105,105.1,105.3,105.32,105.33,54,1,3,1,2,104.88,104.86,104.85,104.83,104.82,2,10,4,3,11,1
2020-01-02 09:47:40,105,2.000,21000.000,105,105.1,105.3,105.32,105.33,53,1,3,1,2,104.9,104.88,104.86,104.85,104.83,2,2,13,4,3,1
2020-01-02 09:47:43,104.9,4.000,41960.000,104.98,105,105.1,105.3,105.32,9,53,1,3,1,104.9,104.88,104.86,104.85,104.83,2,2,13,4,3,0
2020-01-02 09:47:49,104.86,39.000,409196.000,105,105.1,105.3,105.32,105.33,45,1,3,1,2,104.87,104.86,104.85,104.83,104.82,9,10,4,3,11,0
2020-01-02 09:47:52,105,1.000,10500.000,105,105.1,105.3,105.32,105.33,44,1,3,1,2,104.9,104.88,104.87,104.86,104.85,2,1,9,10,4,1
2020-01-02 09:47:55,105,45.000,472496.000,105.1,105.3,105.32,105.33,105.44,1,3,1,2,1,105,104.98,104.91,104.9,104.88,56,1,1,16,2,1
2020-01-02 09:47:58,105,7.000,73500.000,105.1,105.3,105.32,105.33,105.44,1,3,1,2,1,105,104.98,104.91,104.9,104.88,49,1,1,16,3,0
2020-01-02 09:48:02,105.01,1.000,10500.000,105.1,105.3,105.32,105.33,105.44,1,3,1,2,1,105.01,105,104.98,104.91,104.9,8,50,1,1,18,1
2020-01-02 09:48:07,105.1,2.000,21012.000,105.3,105.32,105.33,105.44,105.63,3,1,2,1,1,105.02,105.01,105,104.98,104.91,2,15,56,1,4,1
2020-01-02 09:48:10,105.33,7.000,73700.000,105.44,105.63,105.65,105.66,105.67,1,1,8,2,1,105.33,105.1,105.02,105.01,105,1,1,2,15,56,1
2020-01-02 09:48:13,105.1,3.000,31552.000,105.32,105.44,105.63,105.65,105.66,4,1,1,8,2,105.02,105.01,105,104.9,104.88,2,15,56,18,6,0
2020-01-02 09:48:16,105.02,7.000,73520.000,105.02,105.32,105.44,105.63,105.65,26,4,1,1,8,105.01,105,104.9,104.88,104.87,15,55,18,6,9,0
2020-01-02 09:48:19,105.02,3.000,31504.000,105.32,105.44,105.63,105.65,105.66,4,1,1,8,2,105.01,105,104.9,104.88,104.87,9,54,6,6,9,1
2020-01-02 09:48:22,105.32,1.000,10532.000,105.32,105.44,105.63,105.65,105.66,3,1,1,8,2,105.3,105.1,105.03,105.02,105.01,1,1,1,10,8,1
2020-01-02 09:48:25,105.44,5.000,52684.000,105.62,105.63,105.65,105.66,105.67,2,1,8,2,1,105.44,105.32,105.3,105.1,105.05,4,1,1,2,1,1
2020-01-02 09:48:31,105.02,23.000,241816.000,105.62,105.63,105.65,105.66,105.67,2,1,8,2,1,105.43,105.32,105.06,105.05,105.03,1,1,1,1,6,0
2020-01-02 09:48:34,105.43,1.000,10540.000,105.62,105.63,105.65,105.66,105.67,3,1,8,2,1,105.32,105.06,105.05,105.03,105.02,1,1,1,6,31,1
2020-01-02 09:48:37,105.32,9.000,94788.000,105.62,105.63,105.65,105.66,105.67,3,1,8,2,1,105.32,105.3,105.06,105.05,105.03,7,3,1,1,6,0
2020-01-02 09:48:40,105.3,11.000,115876.000,105.62,105.63,105.65,105.66,105.67,2,6,8,2,1,105.06,105.05,105.03,105.02,105.01,1,1,6,27,8,0
2020-01-02 09:48:43,105.5,1.000,10552.000,105.59,105.61,105.62,105.63,105.65,1,2,2,6,8,105.06,105.05,105.03,105.02,105.01,1,1,6,27,8,1
2020-01-02 09:48:46,105.62,6.000,63364.000,105.63,105.65,105.66,105.67,105.68,6,8,2,1,1,105.62,105.06,105.05,105.03,105.02,9,2,1,6,38,1
2020-01-02 09:48:52,105.62,8.000,84496.000,105.63,105.65,105.67,105.68,105.71,6,8,1,1,1,105.62,105.1,105.06,105.05,105.03,7,1,2,3,6,0
2020-01-02 09:48:55,105.62,10.000,105624.000,105.62,105.63,105.65,105.67,105.68,40,6,8,1,1,105.1,105.06,105.05,105.03,105.02,1,3,3,6,39,0
2020-01-02 09:49:01,105.6,2.000,21120.000,105.6,105.62,105.63,105.65,105.67,5,41,6,8,1,105.55,105.5,105.07,105.06,105.05,1,5,2,3,3,0
2020-01-02 09:49:04,105.62,6.000,63360.000,105.62,105.63,105.65,105.67,105.68,1,6,8,1,1,105.6,105.55,105.5,105.1,105.07,1,1,5,1,2,1
2020-01-02 09:49:07,105.6,1.000,10560.000,105.62,105.63,105.65,105.67,105.68,1,6,8,1,1,105.59,105.55,105.5,105.1,105.08,1,1,5,4,3,0
2020-01-02 09:49:10,105.62,1.000,10560.000,105.62,105.63,105.65,105.67,105.68,13,6,8,1,1,105.59,105.55,105.5,105.1,105.08,1,1,5,12,3,1
2020-01-02 09:49:16,105.5,8.000,84424.000,105.5,105.55,105.6,105.62,105.63,42,3,14,13,6,105.15,105.1,105.08,105.07,105.06,1,12,3,2,4,0
2020-01-02 09:49:19,105.5,6.000,63304.000,105.5,105.55,105.59,105.6,105.62,36,3,6,28,13,105.15,105.1,105.08,105.07,105.06,1,12,3,2,4,1
2020-01-02 09:49:22,105.5,1.000,10548.000,105.5,105.59,105.6,105.62,105.63,35,24,28,14,6,105.15,105.1,105.08,105.07,105.06,1,12,3,2,4,1
2020-01-02 09:49:25,105.15,3.000,31616.000,105.5,105.59,105.6,105.62,105.63,33,25,28,14,6,105.15,105.1,105.08,105.07,105.06,1,12,3,2,4,0
2020-01-02 09:49:28,105.1,3.000,31532.000,105.5,105.59,105.6,105.62,105.63,33,25,20,14,6,105.14,105.11,105.1,105.08,105.07,4,3,11,3,2,0
2020-01-02 09:49:31,105.48,3.000,31580.000,105.5,105.59,105.6,105.62,105.63,33,26,20,14,1,105.14,105.12,105.11,105.1,105.08,4,1,3,11,3,1
2020-01-02 09:49:37,105.14,3.000,31540.000,105.46,105.49,105.5,105.59,105.6,1,2,33,9,8,105.14,105.12,105.11,105.1,105.08,1,2,3,8,3,0
2020-01-02 09:49:44,105.14,2.000,21056.000,105.4,105.46,105.48,105.49,105.5,9,1,3,11,33,105.12,105.11,105.1,105.08,105.07,2,3,19,3,2,0
2020-01-02 09:49:46,105.4,2.000,21080.000,105.4,105.46,105.48,105.49,105.5,7,1,3,12,33,105.2,105.12,105.11,105.1,105.08,1,2,3,19,3,1
2020-01-02 09:49:49,105.4,2.000,21080.000,105.4,105.45,105.46,105.48,105.49,5,2,1,3,11,105.2,105.15,105.12,105.11,105.1,1,1,2,3,19,1
2020-01-02 09:49:52,105.11,9.000,94700.000,105.34,105.4,105.45,105.46,105.48,30,2,3,1,3,105.11,105.1,105.08,105.07,105.06,1,19,4,2,4,0
2020-01-02 09:49:58,105.34,2.000,21068.000,105.34,105.4,105.45,105.46,105.48,28,2,2,1,3,105.2,105.12,105.11,105.1,105.08,2,3,2,19,4,1
2020-01-02 09:50:01,105.34,1.000,10536.000,105.34,105.4,105.45,105.46,105.48,27,2,2,1,3,105.2,105.12,105.11,105.1,105.08,2,6,3,19,4,1
2020-01-02 09:50:04,105.34,1.000,10532.000,105.33,105.34,105.4,105.45,105.48,3,26,2,2,3,105.2,105.12,105.11,105.1,105.08,2,6,3,20,4,1
2020-01-02 09:50:08,105.2,4.000,42120.000,105.34,105.4,105.45,105.48,105.49,26,2,2,3,8,105.2,105.13,105.12,105.11,105.1,2,1,6,5,20,0
2020-01-02 09:50:10,105.34,8.000,84272.000,105.32,105.34,105.4,105.45,105.48,3,20,2,2,3,105.2,105.13,105.12,105.11,105.1,6,1,6,5,21,1
2020-01-02 09:50:13,105.2,2.000,21040.000,105.32,105.34,105.4,105.45,105.48,3,20,2,2,3,105.2,105.19,105.13,105.12,105.11,4,1,12,6,5,0
2020-01-02 09:50:16,105.32,1.000,10532.000,105.32,105.33,105.34,105.4,105.45,2,5,20,2,2,105.2,105.19,105.13,105.12,105.11,4,1,13,6,5,1
2020-01-02 09:50:19,105.3,7.000,73724.000,105.3,105.33,105.34,105.4,105.45,4,1,18,2,2,105.24,105.21,105.2,105.19,105.13,1,1,4,1,14,0
2020-01-02 09:50:22,105.34,6.000,63188.000,105.34,105.4,105.45,105.49,105.5,17,2,2,1,38,105.32,105.27,105.26,105.24,105.21,3,2,1,1,1,1
2020-01-02 09:50:26,105.34,10.000,105340.000,105.34,105.4,105.45,105.49,105.5,7,2,2,1,38,105.32,105.3,105.27,105.26,105.24,3,1,2,1,1,1
2020-01-02 09:50:28,105.18,21.000,220980.000,105.18,105.34,105.49,105.5,105.59,1,7,1,38,2,105.13,105.12,105.11,105.1,105.08,14,6,6,21,4,0
2020-01-02 09:50:32,105.34,4.000,42092.000,105.34,105.49,105.5,105.59,105.6,6,1,38,2,4,105.32,105.31,105.23,105.21,105.13,1,1,2,2,14,1
2020-01-02 09:50:37,105.34,4.000,42136.000,105.34,105.49,105.5,105.59,105.6,2,1,38,2,4,105.32,105.31,105.23,105.21,105.2,6,1,2,2,3,1
2020-01-02 09:50:40,105.32,2.000,21064.000,105.34,105.49,105.5,105.59,105.6,14,1,38,2,4,105.32,105.31,105.23,105.21,105.2,4,1,2,2,3,0
2020-01-02 09:50:43,105.34,5.000,52668.000,105.34,105.49,105.5,105.59,105.6,10,1,38,2,4,105.32,105.31,105.23,105.21,105.2,4,1,2,2,3,1
2020-01-02 09:50:46,105.32,1.000,10532.000,105.34,105.49,105.5,105.59,105.6,10,6,38,2,4,105.32,105.31,105.29,105.23,105.21,3,1,1,2,2,0
2020-01-02 09:50:49,105.5,33.000,347952.000,105.5,105.59,105.6,105.62,105.65,23,2,4,10,8,105.32,105.31,105.29,105.23,105.21,14,1,1,2,2,1
2020-01-02 09:50:52,105.32,8.000,84256.000,105.5,105.59,105.6,105.62,105.65,23,2,4,10,8,105.34,105.32,105.31,105.29,105.23,3,6,2,1,2,0
2020-01-02 09:50:55,105.32,5.000,52676.000,105.5,105.59,105.6,105.62,105.65,23,2,4,11,8,105.49,105.38,105.34,105.32,105.31,8,4,5,5,2,0
2020-01-02 09:51:04,105.5,2.000,21096.000,105.5,105.59,105.6,105.62,105.65,22,1,4,11,8,105.49,105.38,105.34,105.32,105.31,7,4,12,17,2,1
2020-01-02 09:51:07,105.49,7.000,73844.000,105.49,105.5,105.59,105.6,105.62,2,22,1,4,11,105.38,105.34,105.32,105.31,105.29,4,14,16,2,1,0
2020-01-02 09:51:10,105.49,2.000,21100.000,105.5,105.59,105.6,105.62,105.65,22,1,4,11,8,105.38,105.34,105.32,105.31,105.29,4,14,16,2,1,1
2020-01-02 09:51:13,105.5,2.000,21096.000,105.5,105.59,105.6,105.62,105.65,20,1,4,11,8,105.49,105.38,105.34,105.32,105.31,1,5,14,16,2,1
2020-01-02 09:51:16,105.49,1.000,10552.000,105.49,105.5,105.59,105.6,105.62,2,20,1,4,11,105.38,105.34,105.32,105.31,105.29,5,14,16,2,1,0
2020-01-02 09:51:19,105.5,23.000,242648.000,105.59,105.6,105.62,105.65,105.67,3,4,11,8,1,105.5,105.4,105.38,105.34,105.32,27,1,5,16,16,1
2020-01-02 09:51:22,105.5,3.000,31648.000,105.59,105.6,105.62,105.65,105.67,3,4,11,8,1,105.5,105.49,105.4,105.38,105.34,25,1,1,5,16,0
2020-01-02 09:51:25,105.5,6.000,63308.000,105.59,105.6,105.62,105.65,105.67,2,4,11,8,1,105.5,105.49,105.45,105.4,105.38,23,1,2,1,5,0
2020-01-02 09:51:28,105.5,11.000,116052.000,105.59,105.6,105.62,105.65,105.67,2,4,11,8,1,105.52,105.5,105.49,105.45,105.4,2,12,2,2,1,0
2020-01-02 09:51:31,105.59,3.000,31676.000,105.59,105.6,105.62,105.65,105.67,1,4,11,8,1,105.52,105.5,105.49,105.45,105.4,2,12,2,2,1,1
2020-01-02 09:51:34,105.59,1.000,10556.000,105.6,105.62,105.65,105.67,105.68,4,11,8,1,4,105.59,105.52,105.5,105.49,105.46,2,2,12,2,1,1
2020-01-02 09:51:37,105.6,6.000,63360.000,105.62,105.65,105.67,105.68,105.71,11,8,1,4,1,105.6,105.59,105.52,105.5,105.49,7,7,2,14,2,1
2020-01-02 09:51:40,105.6,1.000,10560.000,105.62,105.65,105.67,105.68,105.71,11,8,1,4,1,105.6,105.59,105.52,105.5,105.49,4,7,2,14,2,0
2020-01-02 09:51:43,105.6,3.000,31680.000,105.62,105.65,105.67,105.68,105.71,11,8,1,4,1,105.6,105.59,105.52,105.5,105.49,2,7,3,14,2,0
2020-01-02 09:51:47,105.65,16.000,169008.000,105.65,105.67,105.68,105.71,105.78,3,1,4,1,3,105.62,105.6,105.59,105.52,105.5,17,3,7,3,14,1
2020-01-02 09:51:49,105.62,10.000,105632.000,105.68,105.71,105.78,105.83,105.86,4,1,3,1,2,105.62,105.6,105.59,105.52,105.5,11,8,7,3,14,0
2020-01-02 09:51:52,105.6,15.000,158428.000,105.68,105.71,105.78,105.83,105.86,4,1,3,1,2,105.6,105.59,105.52,105.5,105.49,6,7,3,14,2,0
2020-01-02 09:51:55,105.71,5.000,52844.000,105.78,105.83,105.86,105.93,105.96,3,1,2,3,1,105.71,105.62,105.6,105.59,105.52,4,3,6,2,3,1
2020-01-02 09:52:04,105.78,2.000,21152.000,105.78,105.83,105.86,105.93,105.96,1,1,2,3,1,105.71,105.68,105.65,105.62,105.6,4,4,1,14,6,1
2020-01-02 09:52:07,105.78,2.000,21160.000,105.83,105.86,105.93,105.96,105.97,1,2,3,1,1,105.71,105.68,105.65,105.62,105.6,4,4,1,14,6,1
2020-01-02 09:52:10,105.75,1.000,10572.000,105.75,105.78,105.83,105.86,105.93,1,1,1,2,3,105.74,105.71,105.68,105.62,105.6,1,7,4,12,7,0
2020-01-02 09:52:13,105.99,13.000,137676.000,105.99,106,106.11,106.13,106.18,2,10,1,13,1,105.79,105.78,105.77,105.74,105.71,1,2,1,1,7,1
2020-01-02 09:52:25,105.99,2.000,21200.000,105.99,106,106.11,106.13,106.18,3,9,1,13,1,105.96,105.88,105.8,105.79,105.78,1,2,1,3,3,1
2020-01-02 09:52:28,105.99,3.000,31796.000,106,106.11,106.13,106.18,106.19,9,1,13,1,3,105.96,105.88,105.8,105.79,105.78,1,2,2,5,1,1
2020-01-02 09:52:31,106,1.000,10600.000,106,106.11,106.13,106.18,106.19,8,1,13,1,3,105.99,105.96,105.88,105.8,105.79,11,1,2,2,5,1
2020-01-02 09:52:34,105.99,5.000,52996.000,106,106.1,106.11,106.13,106.18,5,2,1,13,1,105.99,105.96,105.88,105.8,105.79,19,1,2,2,5,0
2020-01-02 09:52:37,105.99,6.000,63600.000,106.1,106.11,106.13,106.18,106.19,2,1,13,1,3,105.99,105.96,105.88,105.8,105.79,18,4,2,6,5,0
2020-01-02 09:52:40,106.05,3.000,31804.000,106.1,106.11,106.13,106.18,106.19,2,1,13,1,3,106.05,106.04,106,105.99,105.96,4,1,5,16,4,1
2020-01-02 09:52:43,106.05,1.000,10604.000,106.1,106.11,106.13,106.18,106.19,3,1,13,1,3,106.07,106.05,106.04,106.01,106,1,3,1,1,15,0
2020-01-02 09:52:46,106.13,19.000,201636.000,106.18,106.19,106.2,106.23,106.29,1,3,5,1,3,106.13,106.1,106.07,106.05,106.04,3,3,1,3,1,1
2020-01-02 09:52:49,106.13,3.000,31840.000,106.18,106.19,106.2,106.23,106.29,1,3,5,1,3,106.1,106.07,106.05,106.04,106.01,6,1,3,1,1,0
2020-01-02 09:52:52,106.18,6.000,63692.000,106.19,106.2,106.23,106.29,106.45,2,5,1,3,1,106.18,106.1,106.07,106.05,106.04,1,11,1,3,1,1
2020-01-02 09:52:55,106.18,2.000,21236.000,106.19,106.2,106.23,106.29,106.45,1,5,1,3,1,106.18,106.1,106.07,106.05,106.04,8,14,1,3,1,0
2020-01-02 09:52:58,106.19,1.000,10620.000,106.2,106.23,106.29,106.45,106.46,5,1,3,1,1,106.19,106.18,106.1,106.04,106.01,20,18,14,1,2,1
2020-01-02 09:53:01,106.29,9.000,95608.000,106.45,106.46,106.47,106.49,106.5,1,1,1,1,12,106.19,106.18,106.13,106.1,106.04,22,19,11,14,1,1
2020-01-02 09:53:04,106.2,1.000,10624.000,106.45,106.46,106.47,106.49,106.5,1,1,1,1,12,106.2,106.19,106.18,106.15,106.13,4,19,4,1,11,0
2020-01-02 09:53:07,106.2,1.000,10616.000,106.45,106.46,106.47,106.49,106.5,1,1,1,1,12,106.22,106.2,106.19,106.18,106.15,1,11,20,4,1,0
2020-01-02 09:53:10,106.45,14.000,148940.000,106.46,106.47,106.49,106.5,106.54,1,1,15,12,1,106.45,106.2,106.19,106.18,106.15,6,9,18,2,1,1
2020-01-02 09:53:13,106.45,2.000,21288.000,106.45,106.46,106.47,106.48,106.49,5,1,1,1,15,106.21,106.2,106.19,106.18,106.15,4,11,18,13,1,0
2020-01-02 09:53:16,106.45,5.000,53220.000,106.45,106.46,106.47,106.48,106.49,1,1,1,1,15,106.36,106.24,106.21,106.2,106.19,1,2,4,11,18,1
2020-01-02 09:53:19,106.4,1.000,10640.000,106.45,106.46,106.47,106.48,106.49,2,1,1,2,16,106.36,106.35,106.25,106.24,106.21,1,1,1,2,4,0
2020-01-02 09:53:22,106.45,10.000,106452.000,106.46,106.47,106.48,106.49,106.5,1,6,2,15,12,106.36,106.35,106.25,106.24,106.22,1,1,1,2,1,1
2020-01-02 09:53:25,106.45,14.000,149056.000,106.48,106.49,106.5,106.54,106.55,6,15,12,1,2,106.45,106.36,106.35,106.25,106.24,3,1,1,4,2,0
2020-01-02 09:53:28,106.46,28.000,298140.000,106.49,106.5,106.54,106.55,106.6,1,11,1,2,6,106.46,106.45,106.36,106.35,106.25,6,2,1,1,4,1
2020-01-02 09:53:31,106.46,6.000,63880.000,106.49,106.5,106.54,106.55,106.58,1,11,1,2,1,106.46,106.45,106.36,106.35,106.3,2,12,1,1,2,0
2020-01-02 09:53:34,106.49,4.000,42588.000,106.5,106.54,106.55,106.58,106.6,11,1,2,1,6,106.49,106.46,106.45,106.4,106.36,9,2,23,1,1,1
2020-01-02 09:53:37,106.49,6.000,63896.000,106.5,106.54,106.55,106.58,106.6,10,1,2,1,6,106.49,106.46,106.45,106.4,106.36,7,2,23,1,1,0
2020-01-02 09:53:40,106.49,3.000,31948.000,106.5,106.54,106.55,106.58,106.6,9,1,2,1,6,106.49,106.46,106.45,106.4,106.36,5,12,23,1,1,0
2020-01-02 09:53:43,106.49,8.000,85200.000,106.5,106.54,106.55,106.58,106.6,1,1,2,1,6,106.49,106.46,106.45,106.4,106.36,3,12,23,1,1,0
2020-01-02 09:53:46,106.5,11.000,117124.000,106.54,106.55,106.58,106.6,106.66,1,2,1,6,5,106.5,106.46,106.45,106.4,106.36,3,14,23,1,1,1
2020-01-02 09:53:49,106.5,13.000,138424.000,106.54,106.55,106.58,106.59,106.6,1,2,1,3,6,106.5,106.46,106.45,106.4,106.36,48,7,23,1,1,0
2020-01-02 09:53:52,106.55,4.000,42608.000,106.55,106.58,106.59,106.6,106.66,1,1,3,6,5,106.5,106.46,106.45,106.4,106.36,48,7,22,1,1,1
2020-01-02 09:53:55,106.55,10.000,106508.000,106.58,106.59,106.6,106.66,106.68,2,3,6,5,1,106.55,106.5,106.46,106.45,106.4,20,42,7,11,6,1
2020-01-02 09:54:01,106.59,12.000,127908.000,106.6,106.65,106.66,106.68,106.7,2,1,5,1,10,106.55,106.54,106.5,106.46,106.45,32,2,42,7,11,1
2020-01-02 09:54:04,106.55,24.000,255784.000,106.66,106.68,106.7,106.72,106.76,1,1,10,2,2,106.58,106.55,106.54,106.5,106.46,1,17,1,42,7,0
2020-01-02 09:54:07,106.55,6.000,63932.000,106.66,106.68,106.7,106.72,106.76,1,1,10,2,2,106.55,106.54,106.5,106.46,106.45,12,1,42,7,11,0
2020-01-02 09:54:11,106.6,1.000,10660.000,106.59,106.66,106.68,106.7,106.72,1,1,2,10,2,106.56,106.55,106.54,106.5,106.46,2,12,10,4,7,1
2020-01-02 09:54:13,106.56,3.000,31980.000,106.68,106.7,106.72,106.76,106.8,2,10,2,2,5,106.56,106.55,106.54,106.5,106.46,2,12,10,4,7,0
2020-01-02 09:54:16,106.8,28.000,298680.000,106.8,106.81,106.82,106.86,106.87,4,1,5,1,4,106.56,106.55,106.54,106.5,106.46,2,13,10,4,7,1
2020-01-02 09:54:19,106.56,5.000,53296.000,106.65,106.8,106.81,106.82,106.86,1,4,1,5,1,106.56,106.55,106.54,106.5,106.46,1,13,10,4,7,0
2020-01-02 09:54:23,106.55,3.000,31968.000,106.56,106.65,106.7,106.8,106.81,1,1,3,4,1,106.55,106.54,106.5,106.46,106.45,9,10,4,7,11,0
2020-01-02 09:54:25,106.56,3.000,31968.000,106.58,106.65,106.68,106.7,106.8,1,1,1,3,3,106.55,106.54,106.5,106.46,106.45,9,10,4,7,11,1
2020-01-02 09:54:28,106.65,3.000,31976.000,106.68,106.7,106.8,106.81,106.82,1,3,4,1,5,106.66,106.6,106.55,106.54,106.5,2,2,7,10,4,1
2020-01-02 09:54:32,106.66,3.000,32000.000,106.7,106.78,106.8,106.81,106.82,3,1,4,1,5,106.6,106.55,106.54,106.5,106.46,2,7,10,4,7,1
2020-01-02 09:54:37,106.68,30.000,319776.000,106.6,106.78,106.8,106.81,106.82,10,1,5,1,5,106.55,106.5,106.46,106.45,106.4,2,4,7,11,6,1
2020-01-02 09:54:40,106.54,11.000,117196.000,106.54,106.56,106.6,106.66,106.78,26,2,10,7,1,106.5,106.46,106.45,106.4,106.36,4,7,11,6,1,0
2020-01-02 09:54:46,106.5,3.000,31948.000,106.54,106.55,106.56,106.6,106.66,26,2,2,10,7,106.5,106.46,106.45,106.4,106.36,1,7,1,6,1,0
2020-01-02 09:54:49,106.5,1.000,10652.000,106.5,106.54,106.55,106.56,106.6,12,26,2,2,10,106.46,106.45,106.4,106.36,106.3,7,1,6,1,2,0
2020-01-02 09:54:52,106.46,6.000,63876.000,106.5,106.54,106.55,106.56,106.6,23,26,2,2,10,106.46,106.45,106.4,106.36,106.3,1,1,6,1,2,0
2020-01-02 09:54:55,106.5,11.000,117148.000,106.5,106.54,106.55,106.56,106.6,35,26,2,2,10,106.46,106.45,106.4,106.36,106.3,1,1,6,1,2,1
2020-01-02 09:54:58,106.45,2.000,21292.000,106.41,106.45,106.46,106.5,106.54,2,1,2,38,26,106.4,106.36,106.32,106.3,106.24,6,1,1,2,2,0
2020-01-02 09:55:01,106.4,1.000,10640.000,106.41,106.45,106.46,106.5,106.54,2,1,1,39,26,106.4,106.36,106.32,106.3,106.24,5,1,1,2,2,0
2020-01-02 09:55:04,106.5,40.000,425944.000,106.49,106.5,106.54,106.55,106.56,2,4,26,2,1,106.4,106.36,106.32,106.3,106.24,3,1,1,2,2,1
2020-01-02 09:55:07,106.4,3.000,31920.000,106.4,106.46,106.49,106.5,106.54,21,2,2,5,26,106.36,106.32,106.3,106.24,106.21,1,1,2,2,3,0
2020-01-02 09:55:11,106.36,2.000,21272.000,106.36,106.4,106.46,106.49,106.5,1,20,2,2,5,106.32,106.3,106.24,106.21,106.19,1,2,2,3,15,0
2020-01-02 09:55:13,106.39,4.000,42552.000,106.4,106.46,106.49,106.5,106.54,56,2,6,8,26,106.32,106.3,106.24,106.21,106.19,1,2,2,1,15,1
2020-01-02 09:55:19,106.21,8.000,85016.000,106.39,106.4,106.46,106.49,106.5,28,55,8,5,9,106.19,106.18,106.15,106.1,106.04,15,2,1,7,1,0
2020-01-02 09:55:22,106.39,1.000,10640.000,106.39,106.4,106.46,106.49,106.5,28,54,8,5,7,106.19,106.18,106.15,106.1,106.04,15,2,1,7,1,1
2020-01-02 09:55:25,106.39,6.000,63832.000,106.39,106.4,106.46,106.49,106.5,22,64,8,4,7,106.35,106.22,106.19,106.18,106.15,1,10,15,2,1,1
2020-01-02 09:55:28,106.39,3.000,31916.000,106.32,106.39,106.4,106.46,106.49,2,20,64,8,4,106.22,106.19,106.18,106.15,106.1,10,15,2,1,7,1
2020-01-02 09:55:32,106.32,4.000,42508.000,106.32,106.39,106.4,106.46,106.49,5,20,62,8,4,106.22,106.19,106.18,106.15,106.1,8,15,2,1,7,0
2020-01-02 09:55:34,106.22,1.000,10620.000,106.32,106.38,106.39,106.4,106.46,5,2,20,62,8,106.22,106.2,106.19,106.18,106.15,7,5,15,2,1,0
2020-01-02 09:55:37,106.32,2.000,21264.000,106.32,106.38,106.39,106.4,106.46,3,2,20,62,8,106.22,106.2,106.19,106.18,106.15,7,5,15,2,1,1
2020-01-02 09:55:40,106.32,5.000,53120.000,106.3,106.32,106.35,106.38,106.39,1,2,2,2,20,106.22,106.2,106.19,106.18,106.15,3,5,15,2,1,1
2020-01-02 09:55:43,106.23,1.000,10624.000,106.3,106.32,106.35,106.38,106.39,1,2,2,3,20,106.23,106.22,106.2,106.19,106.18,4,3,5,15,2,0
2020-01-02 09:55:55,106.3,2.000,21260.000,106.31,106.32,106.35,106.38,106.39,1,7,1,3,20,106.3,106.25,106.23,106.22,106.2,1,19,12,3,5,1
2020-01-02 09:55:59,106.3,2.000,21260.000,106.31,106.32,106.35,106.38,106.39,1,7,1,3,20,106.25,106.23,106.2,106.19,106.18,19,12,5,15,2,0
2020-01-02 09:56:04,106.3,1.000,10628.000,106.32,106.35,106.38,106.39,106.4,7,1,3,20,58,106.25,106.23,106.2,106.19,106.18,19,12,5,15,2,0
2020-01-02 09:56:07,106.3,4.000,42520.000,106.32,106.35,106.38,106.39,106.4,7,1,3,20,58,106.3,106.26,106.25,106.23,106.2,1,3,19,12,5,0
2020-01-02 09:56:13,106.3,1.000,10632.000,106.32,106.35,106.38,106.39,106.4,7,1,3,20,58,106.3,106.26,106.25,106.23,106.2,1,3,19,12,5,0
2020-01-02 09:56:16,106.26,2.000,21256.000,106.3,106.32,106.35,106.38,106.39,2,7,1,3,20,106.26,106.25,106.23,106.2,106.19,2,20,12,5,15,0
2020-01-02 09:56:20,106.3,2.000,21260.000,106.32,106.35,106.38,106.39,106.4,7,1,3,20,48,106.3,106.26,106.25,106.23,106.2,1,2,20,12,5,1
2020-01-02 09:56:25,106.31,4.000,42524.000,106.32,106.35,106.38,106.39,106.4,6,1,4,20,48,106.31,106.3,106.27,106.26,106.25,13,2,1,2,20,1
2020-01-02 09:56:28,106.32,4.000,42528.000,106.32,106.35,106.38,106.39,106.4,3,1,4,20,48,106.31,106.3,106.27,106.26,106.25,12,2,1,2,20,1
2020-01-02 09:56:32,106.32,11.000,116948.000,106.35,106.38,106.39,106.4,106.45,1,4,20,48,1,106.32,106.31,106.3,106.27,106.26,16,8,4,1,2,1
2020-01-02 09:56:34,106.32,2.000,21264.000,106.35,106.38,106.39,106.4,106.45,1,4,20,48,1,106.32,106.31,106.3,106.27,106.25,17,8,4,1,20,0
2020-01-02 09:56:37,106.35,2.000,21268.000,106.38,106.39,106.4,106.45,106.46,4,20,48,1,6,106.35,106.32,106.31,106.3,106.27,8,9,8,4,1,1
2020-01-02 09:56:40,106.35,1.000,10636.000,106.38,106.39,106.4,106.45,106.46,4,20,48,1,6,106.35,106.32,106.31,106.3,106.27,13,8,8,4,1,0
2020-01-02 09:56:43,106.38,4.000,42552.000,106.39,106.4,106.45,106.46,106.49,20,48,1,6,4,106.38,106.35,106.32,106.31,106.3,3,5,9,8,4,1
2020-01-02 09:56:46,106.56,87.000,925828.000,106.58,106.8,106.81,106.82,106.87,3,6,1,4,5,106.5,106.38,106.35,106.32,106.31,30,10,5,9,8,1
2020-01-02 09:56:49,106.5,2.000,21304.000,106.58,106.8,106.81,106.82,106.87,3,6,1,4,5,106.5,106.4,106.39,106.38,106.35,28,3,9,2,5,0
2020-01-02 09:56:52,106.58,18.000,191720.000,106.8,106.81,106.82,106.87,106.88,6,1,4,5,4,106.58,106.5,106.4,106.39,106.38,7,13,3,4,2,1
2020-01-02 09:56:58,106.58,3.000,31976.000,106.8,106.81,106.82,106.87,106.88,6,1,4,5,4,106.58,106.5,106.39,106.38,106.35,8,13,4,1,5,0
2020-01-02 09:57:01,106.8,4.000,42676.000,106.8,106.81,106.82,106.87,106.88,4,1,4,5,4,106.58,106.5,106.39,106.38,106.35,6,13,4,1,5,1
2020-01-02 09:57:07,106.8,14.000,149372.000,106.81,106.82,106.87,106.88,106.89,1,4,5,6,6,106.8,106.59,106.58,106.5,106.39,2,1,11,13,4,1
2020-01-02 09:57:11,106.81,7.000,74760.000,106.82,106.87,106.88,106.89,106.9,4,5,6,6,34,106.8,106.59,106.58,106.5,106.39,3,1,11,13,4,1
2020-01-02 09:57:13,106.87,7.000,74784.000,106.87,106.88,106.89,106.9,106.95,3,6,6,34,1,106.81,106.8,106.67,106.65,106.59,9,10,1,1,1,1
2020-01-02 09:57:16,106.88,4.000,42748.000,106.88,106.89,106.9,106.95,106.97,5,6,34,1,1,106.82,106.81,106.8,106.67,106.65,1,6,9,1,1,1
2020-01-02 09:57:19,106.88,3.000,32056.000,106.88,106.89,106.9,106.95,106.97,3,6,34,1,1,106.87,106.82,106.81,106.8,106.73,7,1,6,10,1,1
2020-01-02 09:57:22,106.85,5.000,53436.000,106.89,106.9,106.95,106.97,106.98,6,34,1,1,5,106.88,106.87,106.82,106.81,106.8,1,1,1,3,12,0
2020-01-02 09:57:25,106.88,3.000,32064.000,106.89,106.9,106.95,106.97,106.98,7,34,1,1,5,106.88,106.87,106.82,106.81,106.8,11,1,1,3,13,1
2020-01-02 09:57:28,106.88,19.000,203092.000,106.85,106.9,106.95,106.97,106.98,9,29,1,1,5,106.81,106.8,106.78,106.73,106.67,3,13,1,1,1,0
2020-01-02 09:57:31,106.85,10.000,106844.000,106.9,106.95,106.97,106.98,106.99,29,1,1,5,2,106.89,106.88,106.81,106.8,106.78,28,2,1,13,1,0
2020-01-02 09:57:34,106.89,23.000,245848.000,106.9,106.95,106.97,106.98,106.99,29,1,1,5,2,106.89,106.88,106.85,106.81,106.8,6,21,7,2,12,1
2020-01-02 09:57:37,106.8,46.000,491540.000,106.8,106.88,106.89,106.9,106.95,43,2,2,27,1,106.78,106.73,106.69,106.67,106.65,1,1,1,1,1,0
2020-01-02 09:57:40,106.9,48.000,512684.000,106.9,106.95,106.97,106.98,106.99,27,1,1,5,3,106.78,106.73,106.69,106.67,106.65,1,1,1,1,1,1
2020-01-02 09:57:43,106.78,12.000,128256.000,106.9,106.95,106.97,106.98,106.99,17,1,1,5,3,106.89,106.81,106.73,106.69,106.67,1,1,1,1,1,0
2020-01-02 09:57:46,106.9,5.000,53440.000,106.9,106.97,106.98,106.99,107,15,1,5,3,40,106.81,106.73,106.69,106.67,106.65,1,1,1,1,1,1
2020-01-02 09:57:49,106.73,2.000,21352.000,106.81,106.89,106.9,106.97,106.98,4,2,15,1,5,106.69,106.67,106.65,106.51,106.5,1,1,1,1,14,0
2020-01-02 09:57:52,106.89,11.000,117528.000,106.89,106.9,106.97,106.98,106.99,5,14,1,5,3,106.8,106.69,106.67,106.65,106.51,13,1,1,1,1,1
2020-01-02 09:57:55,106.89,13.000,138936.000,106.89,106.9,106.97,106.98,106.99,6,15,1,5,5,106.8,106.69,106.67,106.65,106.51,13,1,1,1,1,1
2020-01-02 09:57:58,106.89,5.000,53436.000,106.89,106.9,106.97,106.98,106.99,2,16,1,5,5,106.8,106.69,106.67,106.65,106.51,12,1,1,1,1,1
2020-01-02 09:58:01,106.8,1.000,10680.000,106.82,106.89,106.9,106.97,106.98,5,2,16,1,5,106.8,106.69,106.67,106.65,106.51,21,3,1,1,1,0
2020-01-02 09:58:04,106.82,20.000,213612.000,106.82,106.88,106.89,106.9,106.96,1,5,2,16,1,106.8,106.69,106.67,106.65,106.51,9,3,1,1,1,1
2020-01-02 09:58:07,106.9,24.000,256436.000,106.9,106.96,106.97,106.98,106.99,13,1,1,5,5,106.69,106.67,106.65,106.51,106.5,1,1,1,1,14,1
2020-01-02 09:58:10,106.8,5.000,53404.000,106.8,106.88,106.89,106.9,106.96,2,2,2,13,1,106.69,106.67,106.65,106.51,106.5,5,1,1,1,15,0
2020-01-02 09:58:13,106.81,4.000,42720.000,106.88,106.89,106.9,106.96,106.97,2,2,13,1,1,106.82,106.69,106.67,106.65,106.51,4,5,1,1,1,1
2020-01-02 09:58:16,106.88,7.000,74788.000,106.89,106.9,106.96,106.97,106.98,4,13,1,1,5,106.82,106.8,106.69,106.67,106.66,2,2,5,1,1,1
2020-01-02 09:58:22,106.81,29.000,309572.000,106.89,106.9,106.96,106.97,106.98,3,13,2,3,5,106.51,106.5,106.49,106.39,106.38,1,15,1,2,1,0
2020-01-02 09:58:25,106.8,2.000,21352.000,106.8,106.82,106.88,106.89,106.9,3,2,3,3,14,106.51,106.5,106.49,106.39,106.38,1,15,1,2,1,0
2020-01-02 09:58:28,106.8,3.000,32040.000,106.82,106.88,106.89,106.9,106.96,5,3,4,14,2,106.51,106.5,106.49,106.39,106.38,1,15,1,2,1,1
2020-01-02 09:58:31,106.82,1.000,10680.000,106.82,106.88,106.89,106.9,106.96,6,3,5,14,2,106.51,106.5,106.49,106.39,106.38,1,15,1,2,1,1
2020-01-02 09:58:34,106.51,1.000,10652.000,106.82,106.88,106.89,106.9,106.96,6,3,5,14,2,106.81,106.5,106.49,106.39,106.38,1,15,1,2,1,0
2020-01-02 09:58:37,106.8,2.000,21360.000,106.8,106.82,106.88,106.89,106.9,6,6,3,5,14,106.79,106.55,106.51,106.5,106.49,1,3,1,15,1,1
2020-01-02 09:58:43,106.8,4.000,42720.000,106.8,106.81,106.82,106.84,106.88,19,1,6,1,11,106.79,106.55,106.51,106.5,106.49,1,3,2,15,1,1
2020-01-02 09:58:46,106.79,2.000,21360.000,106.62,106.8,106.81,106.82,106.84,1,20,1,6,1,106.55,106.51,106.5,106.49,106.39,3,2,15,1,2,0
2020-01-02 09:58:52,106.62,3.000,31972.000,106.78,106.79,106.8,106.81,106.82,1,10,33,1,11,106.55,106.51,106.5,106.49,106.39,1,2,15,1,2,0
2020-01-02 09:58:55,106.55,1.000,10656.000,106.76,106.78,106.79,106.8,106.81,1,1,14,34,1,106.62,106.51,106.5,106.49,106.39,1,2,15,1,2,0
2020-01-02 09:59:01,106.79,7.000,74748.000,106.55,106.78,106.79,106.8,106.81,5,2,10,34,1,106.51,106.5,106.49,106.39,106.38,2,15,1,2,1,1
2020-01-02 09:59:04,106.55,1.000,10656.000,106.55,106.77,106.78,106.79,106.8,5,2,3,11,34,106.51,106.5,106.49,106.39,106.38,2,15,1,2,1,0
2020-01-02 09:59:07,106.55,1.000,10652.000,106.55,106.74,106.77,106.78,106.79,4,1,2,8,15,106.51,106.5,106.49,106.39,106.35,2,15,1,2,3,1
2020-01-02 09:59:10,106.55,1.000,10656.000,106.55,106.74,106.77,106.78,106.79,3,1,2,8,15,106.54,106.51,106.5,106.49,106.39,1,2,15,1,2,1
2020-01-02 09:59:13,106.51,5.000,53264.000,106.55,106.62,106.7,106.74,106.77,2,1,1,1,2,106.53,106.5,106.49,106.39,106.35,2,15,1,2,3,0
2020-01-02 09:59:16,106.63,5.000,53288.000,106.63,106.7,106.74,106.76,106.77,2,1,1,42,2,106.55,106.54,106.53,106.52,106.5,2,1,2,1,15,1
2020-01-02 09:59:19,106.53,5.000,53272.000,106.63,106.7,106.74,106.76,106.77,2,1,1,42,2,106.53,106.52,106.5,106.49,106.39,1,1,15,1,2,0
2020-01-02 09:59:22,106.53,9.000,95892.000,106.53,106.63,106.7,106.74,106.76,3,1,1,1,42,106.5,106.49,106.39,106.35,106.32,15,1,2,3,2,0
2020-01-02 09:59:25,106.53,3.000,31956.000,106.53,106.55,106.63,106.7,106.74,1,1,1,1,1,106.5,106.49,106.39,106.35,106.32,14,1,2,3,2,1
2020-01-02 09:59:28,106.63,4.000,42624.000,106.7,106.74,106.76,106.77,106.79,1,1,42,2,11,106.69,106.55,106.52,106.5,106.49,4,7,1,16,1,1
2020-01-02 09:59:31,106.69,1.000,10668.000,106.7,106.74,106.76,106.77,106.79,1,1,42,2,11,106.69,106.55,106.52,106.51,106.5,3,7,1,2,16,1
2020-01-02 09:59:34,106.69,2.000,21340.000,106.7,106.74,106.76,106.77,106.79,1,1,42,2,11,106.69,106.63,106.55,106.54,106.53,1,1,7,18,1,0
2020-01-02 09:59:37,106.76,47.000,501764.000,106.77,106.79,106.8,106.81,106.82,2,11,17,1,10,106.76,106.69,106.63,106.55,106.54,2,1,1,7,20,1
2020-01-02 09:59:43,106.7,5.000,53360.000,106.7,106.73,106.75,106.79,106.8,2,1,1,11,17,106.69,106.63,106.55,106.54,106.53,1,1,7,21,3,0
2020-01-02 09:59:46,106.7,2.000,21340.000,106.73,106.75,106.79,106.8,106.81,1,2,11,17,1,106.69,106.63,106.55,106.54,106.53,1,1,7,21,3,1
2020-01-02 09:59:49,106.73,1.000,10672.000,106.75,106.76,106.79,106.8,106.81,2,4,11,17,1,106.69,106.63,106.55,106.54,106.53,2,1,7,21,3,1
2020-01-02 09:59:55,106.76,6.000,64056.000,106.79,106.8,106.81,106.82,106.84,11,16,1,10,1,106.77,106.7,106.69,106.63,106.56,15,6,2,1,2,1
2020-01-02 10:00:01,106.79,7.000,74748.000,106.79,106.8,106.81,106.82,106.84,6,16,1,10,1,106.77,106.75,106.7,106.69,106.63,13,1,12,2,1,1
2020-01-02 10:00:04,106.79,6.000,64076.000,106.8,106.81,106.82,106.84,106.89,16,1,10,1,5,106.79,106.77,106.75,106.7,106.69,4,13,1,12,2,1
2020-01-02 10:00:07,106.79,9.000,96116.000,106.8,106.81,106.82,106.89,106.9,10,1,10,5,12,106.79,106.77,106.75,106.7,106.69,2,13,1,6,2,0
2020-01-02 10:00:10,106.81,12.000,128160.000,106.82,106.89,106.9,106.95,106.96,10,5,12,1,2,106.81,106.8,106.79,106.77,106.75,15,19,6,13,1,1
2020-01-02 10:00:13,106.81,1.000,10680.000,106.82,106.89,106.9,106.95,106.96,10,5,12,1,2,106.81,106.8,106.79,106.77,106.75,14,21,12,13,1,0
2020-01-02 10:00:16,106.82,10.000,106820.000,106.89,106.9,106.95,106.96,106.97,5,12,1,2,3,106.82,106.81,106.8,106.79,106.77,5,14,12,26,13,1
2020-01-02 10:00:19,106.82,1.000,10684.000,106.89,106.9,106.95,106.96,106.97,5,12,1,2,3,106.82,106.81,106.8,106.79,106.78,6,17,14,27,1,0
2020-01-02 10:00:22,106.89,8.000,85512.000,106.9,106.95,106.96,106.97,106.98,9,1,2,3,5,106.89,106.82,106.81,106.8,106.79,1,20,17,8,27,1
2020-01-02 10:00:25,106.89,1.000,10692.000,106.9,106.95,106.96,106.97,106.98,9,1,2,3,5,106.83,106.82,106.81,106.8,106.79,6,18,17,8,26,0
2020-01-02 10:00:28,106.88,4.000,42748.000,106.88,106.89,106.9,106.95,106.96,1,1,7,1,2,106.83,106.82,106.81,106.8,106.79,5,6,14,8,21,0
2020-01-02 10:00:32,106.9,8.000,85516.000,106.9,106.95,106.96,106.97,106.98,1,1,2,3,5,106.89,106.83,106.82,106.81,106.8,3,5,6,14,8,1
2020-01-02 10:00:34,106.9,1.000,10692.000,106.95,106.96,106.97,106.98,106.99,2,2,3,5,4,106.9,106.89,106.83,106.82,106.81,6,4,5,6,14,1
2020-01-02 10:00:40,106.9,2.000,21380.000,106.95,106.96,106.97,106.98,106.99,2,2,3,6,5,106.9,106.88,106.83,106.82,106.81,5,1,25,7,14,0
2020-01-02 10:00:46,106.95,7.000,74864.000,106.96,106.97,106.98,106.99,107,2,3,6,8,48,106.95,106.92,106.9,106.88,106.83,1,6,5,6,20,1
2020-01-02 10:00:49,106.95,4.000,42780.000,106.96,106.97,106.98,106.99,107,1,3,6,8,48,106.95,106.92,106.9,106.88,106.83,8,6,4,6,20,0
2020-01-02 10:00:52,106.95,1.000,10696.000,106.96,106.97,106.98,106.99,107,1,3,6,8,48,106.95,106.92,106.9,106.88,106.83,7,6,5,6,20,0
2020-01-02 10:00:55,107,20.000,213968.000,106.99,107,107.18,107.2,107.28,5,46,1,12,3,106.96,106.95,106.94,106.92,106.9,1,7,1,6,5,1
2020-01-02 10:01:01,106.96,8.000,85572.000,106.99,107,107.18,107.2,107.28,5,46,1,12,3,106.96,106.95,106.92,106.91,106.9,4,7,6,2,5,0
2020-01-02 10:01:04,106.96,7.000,74880.000,106.96,106.99,107,107.18,107.2,1,6,46,1,12,106.95,106.92,106.91,106.9,106.88,7,6,2,5,5,0
2020-01-02 10:01:07,107,15.000,160484.000,107,107.1,107.18,107.2,107.28,41,1,1,12,3,106.99,106.95,106.92,106.91,106.9,6,7,6,2,5,1
2020-01-02 10:01:10,106.99,2.000,21400.000,107,107.1,107.18,107.2,107.28,42,1,1,12,3,106.99,106.98,106.96,106.95,106.92,4,2,1,8,6,0
2020-01-02 10:01:13,106.99,13.000,139096.000,107,107.1,107.18,107.2,107.28,31,1,1,12,3,106.99,106.98,106.96,106.95,106.92,2,2,2,8,1,0
2020-01-02 10:01:16,106.99,4.000,42796.000,107,107.1,107.18,107.2,107.28,32,1,1,12,3,106.99,106.98,106.96,106.95,106.92,2,2,2,8,1,0
2020-01-02 10:01:19,107,3.000,32100.000,107,107.1,107.18,107.2,107.28,33,1,1,12,3,106.99,106.98,106.96,106.95,106.92,20,2,4,9,1,1
2020-01-02 10:01:22,107,8.000,85596.000,107,107.1,107.18,107.2,107.28,31,1,1,12,3,106.99,106.98,106.96,106.95,106.92,15,2,4,10,1,1
2020-01-02 10:01:25,107,37.000,395896.000,107.1,107.18,107.2,107.28,107.3,11,1,12,3,4,107,106.99,106.98,106.96,106.95,15,18,2,5,10,1
2020-01-02 10:01:28,107,1.000,10704.000,107.1,107.18,107.2,107.28,107.3,11,1,12,3,4,107,106.99,106.98,106.96,106.95,16,18,2,5,10,0
2020-01-02 10:01:31,107,12.000,128400.000,107.1,107.18,107.2,107.28,107.3,11,1,12,3,5,107,106.99,106.98,106.96,106.95,5,18,2,5,10,0
2020-01-02 10:01:34,107.1,6.000,64240.000,107.1,107.17,107.18,107.2,107.28,7,1,1,2,3,107,106.99,106.98,106.96,106.95,6,18,2,5,9,1
2020-01-02 10:01:37,107,2.000,21400.000,107.1,107.17,107.18,107.2,107.28,7,1,5,2,3,107,106.99,106.98,106.96,106.95,4,19,2,5,9,0
2020-01-02 10:01:40,107.1,1.000,10708.000,107.1,107.17,107.18,107.19,107.2,6,1,9,3,2,107,106.99,106.98,106.96,106.95,4,19,2,5,9,1
2020-01-02 10:01:43,107.01,5.000,53504.000,107.1,107.17,107.18,107.19,107.2,7,1,9,3,2,107.01,107,106.99,106.98,106.96,8,4,20,2,5,0
2020-01-02 10:01:46,107.1,8.000,85680.000,107.17,107.18,107.19,107.2,107.28,1,9,4,2,3,107.01,107,106.99,106.98,106.96,8,4,20,2,5,1
2020-01-02 10:01:49,107.09,3.000,32120.000,107.09,107.17,107.18,107.19,107.2,7,1,9,4,2,107.01,107,106.99,106.98,106.96,7,4,20,2,5,0
2020-01-02 10:01:52,107.01,10.000,107016.000,107.01,107.09,107.17,107.18,107.19,1,6,2,10,4,107,106.99,106.98,106.96,106.95,3,20,2,5,9,0
2020-01-02 10:01:55,107.09,4.000,42820.000,107.09,107.17,107.18,107.19,107.2,4,5,10,4,12,107,106.99,106.98,106.96,106.95,2,20,2,5,9,1
2020-01-02 10:01:58,106.95,40.000,427920.000,106.95,107.09,107.17,107.18,107.19,42,3,5,10,4,106.92,106.91,106.88,106.86,106.82,1,2,5,1,5,0
2020-01-02 10:02:04,106.95,19.000,203208.000,106.95,106.99,107,107.06,107.08,23,8,3,2,1,106.92,106.91,106.88,106.86,106.82,1,2,5,1,5,1
2020-01-02 10:02:10,106.92,1.000,10688.000,106.92,106.95,106.99,107,107.01,2,23,8,5,1,106.91,106.88,106.86,106.82,106.8,2,5,1,5,34,0
2020-01-02 10:02:13,106.92,3.000,32080.000,106.92,106.95,106.99,107,107.01,2,23,8,5,1,106.91,106.88,106.86,106.82,106.8,2,5,1,5,34,1
2020-01-02 10:02:16,106.91,4.000,42764.000,106.92,106.95,106.99,107,107.01,4,23,8,5,1,106.91,106.88,106.86,106.82,106.8,1,5,1,5,34,0
2020-01-02 10:02:19,106.91,4.000,42764.000,106.92,106.94,106.95,106.99,107,1,5,23,8,5,106.88,106.86,106.82,106.8,106.79,5,1,5,34,9,0
2020-01-02 10:02:22,106.92,6.000,64160.000,106.9,106.91,106.92,106.94,106.95,1,3,4,2,23,106.88,106.86,106.82,106.8,106.79,5,1,5,34,9,1
2020-01-02 10:02:25,106.9,1.000,10688.000,106.9,106.91,106.92,106.94,106.95,10,16,5,2,23,106.88,106.86,106.82,106.8,106.79,5,1,5,34,9,0
2020-01-02 10:02:28,106.9,1.000,10692.000,106.9,106.91,106.92,106.94,106.95,9,23,7,2,23,106.88,106.86,106.82,106.8,106.79,5,1,5,34,9,1
2020-01-02 10:02:31,106.91,16.000,171032.000,106.91,106.92,106.94,106.95,107,22,7,2,23,7,106.86,106.82,106.8,106.79,106.78,1,5,34,9,1,1
2020-01-02 10:02:35,106.88,4.000,42752.000,106.88,106.89,106.91,106.92,106.94,8,1,21,7,2,106.86,106.82,106.8,106.79,106.78,1,5,34,9,1,0
2020-01-02 10:02:37,106.86,1.000,10684.000,106.86,106.88,106.89,106.91,106.92,4,23,1,21,7,106.82,106.8,106.79,106.78,106.75,5,34,9,1,4,0
2020-01-02 10:02:43,106.86,7.000,74800.000,106.86,106.88,106.89,106.9,106.91,2,24,31,1,17,106.82,106.8,106.79,106.78,106.75,4,34,9,1,4,1
2020-01-02 10:02:46,106.82,3.000,32048.000,106.83,106.86,106.88,106.89,106.9,2,3,24,31,1,106.82,106.8,106.79,106.78,106.75,1,34,9,1,4,0
2020-01-02 10:02:49,106.79,44.000,469912.000,106.79,106.8,106.82,106.83,106.86,32,15,3,2,3,106.78,106.75,106.7,106.69,106.55,1,4,4,2,1,0
2020-01-02 10:02:55,106.78,6.000,64072.000,106.77,106.79,106.8,106.82,106.83,2,27,29,5,2,106.75,106.7,106.69,106.55,106.54,4,4,2,1,3,0
2020-01-02 10:03:01,106.7,8.000,85380.000,106.75,106.77,106.78,106.79,106.8,7,2,5,28,19,106.69,106.55,106.54,106.53,106.52,2,1,3,3,2,0
2020-01-02 10:03:10,106.52,10.000,106564.000,106.7,106.75,106.77,106.78,106.79,1,13,2,9,27,106.52,106.5,106.35,106.32,106.3,1,14,2,1,3,0
2020-01-02 10:03:13,106.7,1.000,10672.000,106.69,106.7,106.75,106.77,106.78,3,6,13,2,10,106.52,106.5,106.35,106.32,106.3,1,15,2,1,3,1
2020-01-02 10:03:16,106.6,2.000,21320.000,106.69,106.7,106.75,106.77,106.78,23,8,13,2,6,106.52,106.5,106.35,106.32,106.3,1,15,2,1,3,0
2020-01-02 10:03:19,106.52,3.000,31992.000,106.65,106.69,106.7,106.71,106.75,9,27,8,2,12,106.5,106.35,106.32,106.3,106.22,15,2,1,3,1,0
2020-01-02 10:03:22,106.65,2.000,21328.000,106.65,106.69,106.7,106.71,106.75,7,27,8,2,12,106.5,106.35,106.32,106.3,106.22,15,2,1,3,1,1
2020-01-02 10:03:28,106.6,4.000,42648.000,106.64,106.65,106.68,106.69,106.7,2,7,1,27,8,106.51,106.5,106.35,106.32,106.3,2,15,2,1,3,0
2020-01-02 10:03:31,106.64,13.000,138576.000,106.65,106.68,106.69,106.7,106.71,7,1,27,8,2,106.64,106.5,106.35,106.32,106.3,3,13,2,1,5,1
2020-01-02 10:03:34,106.5,21.000,223720.000,106.5,106.65,106.68,106.69,106.7,4,5,1,27,8,106.4,106.35,106.32,106.3,106.22,20,2,1,5,1,0
2020-01-02 10:03:37,106.5,5.000,53240.000,106.6,106.65,106.68,106.69,106.7,2,5,2,27,8,106.4,106.35,106.32,106.3,106.22,19,2,1,5,1,1
2020-01-02 10:03:46,106.5,11.000,117176.000,106.5,106.64,106.65,106.68,106.69,1,2,5,2,27,106.4,106.35,106.3,106.22,106.21,19,2,5,1,1,0
2020-01-02 10:03:50,106.63,9.000,95952.000,106.63,106.64,106.65,106.68,106.69,2,2,5,2,27,106.4,106.35,106.3,106.22,106.21,19,2,5,1,1,1
2020-01-02 10:03:52,106.5,1.000,10648.000,106.63,106.64,106.65,106.68,106.69,2,2,5,2,27,106.5,106.4,106.35,106.3,106.22,8,19,2,3,1,0
2020-01-02 10:03:55,106.5,1.000,10652.000,106.6,106.63,106.64,106.65,106.68,1,2,2,5,2,106.5,106.4,106.35,106.3,106.22,7,19,2,3,1,0
2020-01-02 10:03:58,106.5,7.000,74548.000,106.5,106.6,106.63,106.64,106.65,3,1,2,2,5,106.4,106.35,106.3,106.26,106.22,19,2,3,1,1,0
2020-01-02 10:04:01,106.42,1.000,10644.000,106.5,106.6,106.63,106.65,106.68,10,1,2,5,2,106.41,106.4,106.35,106.3,106.26,1,19,2,3,1,0
2020-01-02 10:04:07,106.5,3.000,31948.000,106.5,106.6,106.63,106.68,106.69,14,1,2,2,28,106.42,106.41,106.4,106.35,106.3,2,3,19,2,3,1
2020-01-02 10:04:11,106.42,2.000,21288.000,106.5,106.6,106.63,106.68,106.69,15,1,2,2,28,106.41,106.4,106.35,106.3,106.26,5,19,2,3,1,0
2020-01-02 10:04:13,106.5,8.000,85200.000,106.49,106.5,106.6,106.63,106.68,1,9,1,2,2,106.41,106.35,106.3,106.26,106.22,5,2,3,1,1,1
2020-01-02 10:04:16,106.45,6.000,63888.000,106.5,106.6,106.63,106.68,106.69,6,1,2,2,27,106.48,106.43,106.41,106.35,106.3,1,4,5,2,3,0
2020-01-02 10:04:19,106.5,6.000,63900.000,106.6,106.63,106.68,106.69,106.7,1,2,2,27,7,106.5,106.48,106.47,106.43,106.41,29,1,1,4,9,1
2020-01-02 10:04:22,106.5,1.000,10648.000,106.6,106.63,106.68,106.69,106.7,1,2,1,22,7,106.5,106.48,106.47,106.43,106.41,30,1,2,4,9,0
2020-01-02 10:04:28,106.5,8.000,85200.000,106.6,106.63,106.68,106.69,106.7,1,2,1,22,7,106.5,106.49,106.48,106.47,106.45,31,1,1,2,1,0
2020-01-02 10:04:32,106.5,5.000,53252.000,106.6,106.63,106.68,106.69,106.7,1,2,1,8,7,106.5,106.49,106.48,106.47,106.45,26,1,1,2,1,0
2020-01-02 10:04:34,106.5,26.000,276900.000,106.5,106.59,106.6,106.63,106.68,18,1,1,2,2,106.49,106.48,106.47,106.45,106.43,1,1,2,1,4,0
2020-01-02 10:04:37,106.5,3.000,31948.000,106.5,106.59,106.6,106.63,106.68,15,1,1,2,2,106.49,106.48,106.47,106.45,106.43,1,1,2,1,4,1
2020-01-02 10:04:43,106.5,3.000,31952.000,106.5,106.59,106.6,106.63,106.68,23,1,1,2,2,106.49,106.48,106.47,106.45,106.43,3,1,2,3,4,1
2020-01-02 10:04:46,106.5,6.000,63896.000,106.5,106.59,106.6,106.63,106.68,22,1,1,2,2,106.47,106.45,106.43,106.42,106.41,2,3,2,1,6,1
2020-01-02 10:04:49,106.5,2.000,21296.000,106.49,106.5,106.59,106.6,106.63,4,20,1,1,2,106.47,106.45,106.43,106.42,106.41,2,3,2,1,4,1
2020-01-02 10:04:55,106.48,5.000,53240.000,106.48,106.49,106.5,106.59,106.6,3,5,20,1,1,106.47,106.45,106.43,106.42,106.41,2,3,2,1,4,0
2020-01-02 10:04:58,106.47,1.000,10648.000,106.48,106.49,106.5,106.59,106.6,3,30,20,1,1,106.47,106.45,106.43,106.42,106.41,1,3,2,1,4,0
2020-01-02 10:05:02,106.48,2.000,21296.000,106.48,106.49,106.5,106.59,106.6,1,30,20,1,1,106.47,106.46,106.45,106.43,106.42,1,2,3,2,1,1
2020-01-02 10:05:07,106.48,1.000,10648.000,106.48,106.49,106.5,106.59,106.6,3,29,20,1,1,106.47,106.46,106.45,106.43,106.42,1,2,3,2,1,1
2020-01-02 10:05:10,106.47,1.000,10648.000,106.47,106.48,106.49,106.5,106.59,2,3,29,10,1,106.46,106.45,106.43,106.42,106.41,2,3,2,1,4,0
2020-01-02 10:05:13,106.47,1.000,10648.000,106.47,106.48,106.49,106.5,106.59,3,3,29,10,1,106.46,106.45,106.43,106.42,106.41,2,3,2,1,4,1
2020-01-02 10:05:16,106.47,3.000,31940.000,106.47,106.48,106.49,106.5,106.59,3,3,29,10,1,106.46,106.45,106.43,106.42,106.41,2,3,2,1,4,1
2020-01-02 10:05:20,106.47,1.000,10648.000,106.47,106.48,106.49,106.5,106.59,2,3,29,10,1,106.46,106.45,106.43,106.42,106.41,2,3,2,1,4,1
2020-01-02 10:05:22,106.46,1.000,10644.000,106.46,106.47,106.48,106.49,106.5,24,7,3,4,10,106.45,106.43,106.42,106.41,106.4,3,2,1,4,3,0
2020-01-02 10:05:25,106.45,3.000,31936.000,106.44,106.46,106.47,106.48,106.49,7,26,13,3,4,106.43,106.42,106.41,106.4,106.35,2,1,4,3,2,0
2020-01-02 10:05:31,106.44,1.000,10644.000,106.44,106.45,106.46,106.47,106.48,6,4,26,13,3,106.43,106.42,106.41,106.4,106.35,2,1,4,4,2,0
2020-01-02 10:05:34,106.44,1.000,10644.000,106.44,106.45,106.46,106.47,106.48,5,4,26,12,3,106.43,106.42,106.41,106.4,106.35,2,1,4,4,2,1
2020-01-02 10:05:40,106.42,3.000,31928.000,106.44,106.45,106.46,106.47,106.48,5,4,21,12,3,106.41,106.4,106.35,106.3,106.26,4,4,2,3,1,0
2020-01-02 10:05:43,106.43,1.000,10644.000,106.43,106.44,106.45,106.46,106.47,24,5,4,21,7,106.41,106.4,106.35,106.3,106.26,4,4,2,3,1,1
2020-01-02 10:05:49,106.4,5.000,53204.000,106.43,106.44,106.45,106.46,106.47,33,5,4,21,7,106.4,106.35,106.3,106.26,106.22,3,2,3,1,1,0
2020-01-02 10:05:55,106,76.000,806028.000,106,106.41,106.42,106.43,106.44,114,3,1,33,5,105.99,105.88,105.81,105.8,105.75,2,4,4,1,3,0
2020-01-02 10:06:01,106,5.000,53000.000,106,106.4,106.41,106.42,106.43,109,3,6,1,27,105.99,105.88,105.81,105.8,105.75,5,4,4,1,3,1
2020-01-02 10:06:07,105.99,2.000,21196.000,106,106.41,106.42,106.43,106.44,109,6,1,27,5,105.99,105.88,105.81,105.8,105.75,3,4,4,1,3,0
2020-01-02 10:06:10,106,40.000,424000.000,106,106.4,106.41,106.42,106.43,70,30,6,1,4,105.99,105.88,105.81,105.8,105.75,6,4,4,1,3,1
2020-01-02 10:06:13,105.99,13.000,137800.000,106,106.37,106.4,106.41,106.42,59,1,31,6,1,105.99,105.88,105.81,105.8,105.75,5,4,4,1,3,0
2020-01-02 10:06:16,106,39.000,413380.000,106,106.37,106.4,106.41,106.42,44,1,31,6,1,105.88,105.81,105.8,105.75,105.6,4,4,3,3,5,1
2020-01-02 10:06:19,106,15.000,159000.000,105.99,106,106.37,106.4,106.41,3,29,1,31,4,105.88,105.81,105.8,105.75,105.6,4,4,3,3,5,1
2020-01-02 10:06:22,105.99,16.000,169592.000,105.99,106,106.37,106.4,106.41,1,19,1,31,4,105.88,105.81,105.8,105.75,105.6,4,4,1,3,5,0
2020-01-02 10:06:26,105.97,17.000,180196.000,105.97,105.98,106,106.37,106.4,4,4,4,1,31,105.89,105.88,105.81,105.75,105.6,1,4,4,3,5,0
2020-01-02 10:06:28,105.97,4.000,42380.000,105.97,105.98,106,106.37,106.4,1,4,5,1,31,105.89,105.88,105.81,105.75,105.6,2,5,4,3,5,1
2020-01-02 10:06:31,105.99,6.000,63588.000,106,106.37,106.4,106.41,106.45,5,1,6,4,3,105.89,105.88,105.81,105.8,105.75,7,5,4,1,3,1
2020-01-02 10:06:34,105.99,5.000,52996.000,106,106.37,106.4,106.41,106.45,5,1,6,4,3,105.99,105.89,105.88,105.81,105.8,3,7,8,4,1,0
2020-01-02 10:06:40,105.97,10.000,105984.000,106,106.37,106.39,106.4,106.41,2,1,2,6,4,105.97,105.9,105.89,105.88,105.87,1,8,8,8,1,0
2020-01-02 10:06:43,106,2.000,21200.000,106.37,106.39,106.4,106.41,106.45,1,2,6,4,3,106,105.9,105.89,105.88,105.87,1,8,6,9,1,1
2020-01-02 10:06:58,106.02,3.000,31808.000,106.37,106.39,106.4,106.41,106.45,1,2,6,4,3,106.02,106.01,106,105.99,105.97,5,4,20,1,1,1
2020-01-02 10:07:04,106.03,1.000,10604.000,106.39,106.4,106.41,106.45,106.46,2,5,4,3,21,106.03,106.02,106.01,106,105.99,2,5,4,25,1,1
2020-01-02 10:07:16,106.36,4.000,42512.000,106.36,106.38,106.39,106.4,106.41,2,1,2,5,4,106.08,106.05,106.04,106.03,106.02,3,6,1,6,1,1
2020-01-02 10:07:26,106.36,3.000,31900.000,106.38,106.39,106.4,106.41,106.45,1,3,5,4,3,106.3,106.08,106.07,106.06,106.05,1,3,3,3,8,1
2020-01-02 10:07:34,106.38,3.000,31912.000,106.39,106.4,106.41,106.45,106.46,3,5,3,3,21,106.38,106.36,106.3,106.1,106.09,1,23,1,2,3,1
2020-01-02 10:07:37,106.39,18.000,191460.000,106.4,106.41,106.45,106.46,106.47,5,3,3,21,3,106.38,106.36,106.32,106.3,106.09,5,9,2,1,3,1
2020-01-02 10:07:41,106.41,12.000,127676.000,106.41,106.45,106.46,106.47,106.49,1,3,21,3,4,106.38,106.36,106.32,106.3,106.09,3,9,2,1,3,1
2020-01-02 10:07:43,106.38,3.000,31916.000,106.41,106.45,106.46,106.47,106.49,1,6,23,3,4,106.36,106.32,106.3,106.09,106.08,9,2,1,2,1,0
2020-01-02 10:07:50,106.39,5.000,53196.000,106.41,106.45,106.46,106.47,106.49,1,6,23,3,4,106.4,106.39,106.36,106.32,106.3,1,1,9,2,1,1
2020-01-02 10:07:52,106.41,3.000,31920.000,106.45,106.46,106.47,106.49,106.5,6,23,3,4,8,106.39,106.36,106.32,106.3,106.09,1,9,2,1,2,1
2020-01-02 10:07:55,106.45,1.000,10644.000,106.45,106.46,106.47,106.49,106.5,5,23,3,4,8,106.39,106.36,106.32,106.3,106.09,1,9,2,1,2,1
2020-01-02 10:08:01,106.41,1.000,10644.000,106.45,106.46,106.47,106.49,106.5,27,23,3,4,8,106.41,106.39,106.36,106.32,106.3,1,1,8,2,1,0
2020-01-02 10:08:04,106.41,1.000,10640.000,106.45,106.46,106.47,106.49,106.5,27,23,3,4,8,106.39,106.36,106.32,106.3,106.09,1,8,2,1,2,0
2020-01-02 10:08:08,106.4,1.000,10640.000,106.4,106.41,106.45,106.46,106.47,9,2,27,23,3,106.39,106.38,106.36,106.32,106.3,1,2,8,2,1,0
2020-01-02 10:08:10,106.39,1.000,10640.000,106.39,106.4,106.41,106.45,106.46,1,9,4,27,23,106.38,106.36,106.32,106.3,106.09,2,8,2,1,2,0
2020-01-02 10:08:13,106.36,10.000,106364.000,106.36,106.39,106.4,106.41,106.45,2,1,9,6,27,106.32,106.3,106.09,106.08,106.07,2,1,2,1,3,0
2020-01-02 10:08:16,106.39,3.000,31912.000,106.39,106.4,106.41,106.45,106.46,4,9,6,27,4,106.32,106.3,106.09,106.08,106.07,2,1,2,1,3,1
2020-01-02 10:08:19,106.36,5.000,53168.000,106.36,106.39,106.4,106.41,106.45,41,4,9,6,27,106.3,106.09,106.08,106.07,106.06,1,2,1,3,7,0
2020-01-02 10:08:25,106.32,6.000,63792.000,106.32,106.36,106.39,106.4,106.41,14,41,1,9,4,106.3,106.09,106.08,106.07,106.06,1,2,1,3,7,0
2020-01-02 10:08:28,106.3,2.000,21264.000,106.3,106.32,106.35,106.36,106.39,1,13,1,41,1,106.09,106.08,106.07,106.06,106.05,2,1,3,7,8,0
2020-01-02 10:08:34,106.3,2.000,21260.000,106.3,106.32,106.35,106.36,106.39,7,13,1,41,1,106.09,106.08,106.07,106.06,106.05,2,1,3,7,8,1
2020-01-02 10:08:41,106.3,2.000,21260.000,106.3,106.32,106.35,106.36,106.38,7,13,1,41,9,106.1,106.09,106.08,106.07,106.06,6,2,1,3,7,1
2020-01-02 10:08:46,106.1,1.000,10608.000,106.27,106.3,106.32,106.35,106.36,2,13,13,1,41,106.1,106.09,106.08,106.07,106.06,19,2,1,3,7,0
2020-01-02 10:08:50,106.27,2.000,21256.000,106.3,106.32,106.35,106.36,106.38,13,13,1,41,9,106.1,106.09,106.08,106.07,106.06,19,2,1,3,7,1
2020-01-02 10:08:55,106.1,17.000,180472.000,106.3,106.32,106.35,106.36,106.38,7,13,1,41,9,106.1,106.09,106.08,106.07,106.06,8,2,1,3,7,0
2020-01-02 10:09:07,106.11,1.000,10608.000,106.27,106.28,106.3,106.32,106.35,17,1,7,13,4,106.11,106.1,106.09,106.08,106.07,3,8,2,1,3,1
2020-01-02 10:09:10,106.11,1.000,10612.000,106.27,106.28,106.3,106.32,106.35,17,1,7,13,4,106.11,106.1,106.09,106.08,106.07,2,8,2,1,3,0
2020-01-02 10:09:13,106.11,3.000,31836.000,106.11,106.27,106.28,106.3,106.32,6,17,1,7,13,106.1,106.09,106.08,106.07,106.06,8,2,1,3,7,0
2020-01-02 10:09:19,106.13,15.000,159184.000,106.11,106.26,106.27,106.28,106.3,2,4,17,1,7,106.1,106.09,106.08,106.07,106.06,8,2,1,3,7,1
2020-01-02 10:09:22,106.1,10.000,106100.000,106.1,106.11,106.26,106.27,106.28,13,2,4,17,1,106.09,106.08,106.07,106.06,106.05,2,1,3,7,8,0
2020-01-02 10:09:25,106.1,8.000,84880.000,106.1,106.11,106.26,106.27,106.28,5,2,4,17,1,106.09,106.08,106.07,106.06,106.05,2,1,3,7,8,1
2020-01-02 10:09:31,106.1,5.000,53052.000,106.1,106.11,106.13,106.26,106.27,10,2,5,4,17,106.09,106.08,106.07,106.06,106.05,1,1,3,7,8,1
2020-01-02 10:09:34,106.09,1.000,10608.000,106.1,106.11,106.13,106.26,106.27,10,2,5,4,17,106.08,106.07,106.06,106.05,106.04,1,3,7,8,1,0
2020-01-02 10:09:37,106.1,5.000,53048.000,106.09,106.1,106.11,106.13,106.26,3,7,2,5,4,106.08,106.07,106.06,106.05,106.04,1,3,7,8,1,1
2020-01-02 10:09:40,106.09,1.000,10608.000,106.09,106.1,106.11,106.13,106.26,3,7,2,5,4,106.08,106.07,106.06,106.05,106.04,1,3,7,8,1,0
2020-01-02 10:09:43,106.09,3.000,31828.000,106.1,106.11,106.13,106.26,106.27,7,2,5,4,17,106.08,106.07,106.06,106.05,106.04,1,3,7,8,1,1
2020-01-02 10:09:46,106.08,2.000,21216.000,106.08,106.1,106.11,106.13,106.26,3,6,2,5,4,106.07,106.06,106.05,106.04,106.02,3,7,8,1,1,0
2020-01-02 10:09:49,106.08,9.000,95460.000,106.08,106.1,106.11,106.13,106.26,2,6,2,5,4,106.06,106.05,106.04,106.02,106.01,2,8,1,1,5,1
2020-01-02 10:09:52,106.1,3.000,31824.000,106.1,106.11,106.13,106.26,106.27,5,2,5,4,17,106.08,106.06,106.05,106.04,106.02,1,2,8,1,1,1
2020-01-02 10:09:59,106.1,1.000,10612.000,106.1,106.11,106.13,106.26,106.27,4,2,5,4,17,106.08,106.05,106.04,106.02,106.01,1,8,1,1,5,1
2020-01-02 10:10:01,106.1,1.000,10612.000,106.1,106.11,106.13,106.26,106.27,3,2,5,4,17,106.08,106.05,106.04,106.02,106.01,1,8,1,1,5,1
2020-01-02 10:10:07,106.11,4.000,42440.000,106.11,106.13,106.26,106.27,106.28,1,5,4,17,1,106.1,106.08,106.06,106.05,106.04,25,13,1,8,1,1
2020-01-02 10:10:10,106.1,2.000,21220.000,106.13,106.26,106.27,106.28,106.3,5,4,17,1,8,106.1,106.08,106.06,106.05,106.02,27,13,1,8,1,0
2020-01-02 10:10:17,106.13,6.000,63676.000,106.26,106.27,106.28,106.3,106.32,4,17,1,8,13,106.13,106.11,106.1,106.08,106.05,2,4,28,13,8,1
2020-01-02 10:10:19,106.13,2.000,21224.000,106.26,106.27,106.28,106.3,106.32,4,17,1,8,13,106.13,106.12,106.11,106.1,106.08,14,4,3,29,3,0
2020-01-02 10:10:22,106.26,3.000,31880.000,106.26,106.27,106.28,106.3,106.32,1,17,1,8,13,106.13,106.12,106.11,106.1,106.08,3,4,3,26,3,1
2020-01-02 10:10:25,106.26,1.000,10624.000,106.27,106.28,106.3,106.32,106.34,17,1,8,13,2,106.26,106.13,106.12,106.11,106.1,12,6,4,3,28,1
2020-01-02 10:10:28,106.26,2.000,21256.000,106.28,106.3,106.32,106.34,106.35,1,8,13,2,4,106.26,106.13,106.12,106.11,106.1,1,7,4,3,27,0
2020-01-02 10:10:34,106.28,11.000,116896.000,106.3,106.32,106.34,106.35,106.36,8,13,2,4,41,106.28,106.27,106.26,106.13,106.12,4,2,1,6,4,1
2020-01-02 10:10:40,106.3,15.000,159432.000,106.3,106.32,106.34,106.35,106.36,3,13,2,3,41,106.27,106.26,106.13,106.12,106.11,2,1,6,4,4,1
2020-01-02 10:10:43,106.3,4.000,42520.000,106.32,106.34,106.35,106.36,106.38,13,2,3,41,9,106.3,106.28,106.26,106.13,106.12,4,2,1,6,4,1
2020-01-02 10:10:46,106.3,1.000,10628.000,106.32,106.34,106.35,106.36,106.38,13,2,3,41,9,106.3,106.28,106.26,106.13,106.12,11,2,1,7,4,0
2020-01-02 10:10:49,106.32,9.000,95688.000,106.32,106.34,106.35,106.36,106.38,4,2,3,41,9,106.3,106.28,106.26,106.13,106.12,11,2,1,7,4,1
2020-01-02 10:10:52,106.32,5.000,53156.000,106.34,106.35,106.38,106.4,106.41,2,3,9,9,1,106.3,106.28,106.26,106.13,106.12,10,2,1,7,4,1
2020-01-02 10:10:58,106.34,2.000,21272.000,106.35,106.38,106.4,106.41,106.45,3,9,9,1,18,106.31,106.3,106.28,106.26,106.13,1,9,2,9,5,1
2020-01-02 10:11:04,106.32,9.000,95696.000,106.35,106.38,106.4,106.41,106.45,2,9,9,1,18,106.32,106.31,106.3,106.28,106.26,4,1,9,2,9,0
2020-01-02 10:11:07,106.38,11.000,117012.000,106.4,106.41,106.45,106.46,106.49,9,1,18,2,4,106.38,106.35,106.32,106.31,106.3,9,4,4,1,9,1
2020-01-02 10:11:14,106.4,2.000,21280.000,106.4,106.41,106.45,106.46,106.49,8,1,18,2,4,106.38,106.35,106.34,106.32,106.31,8,5,1,4,1,1
2020-01-02 10:11:16,106.4,4.000,42556.000,106.4,106.41,106.45,106.46,106.49,6,1,18,2,4,106.39,106.38,106.37,106.35,106.34,2,6,12,3,1,1
2020-01-02 10:11:19,106.41,7.000,74480.000,106.45,106.46,106.49,106.5,106.6,18,2,4,8,1,106.4,106.39,106.38,106.37,106.35,1,4,6,12,3,1
2020-01-02 10:11:34,106.45,13.000,138384.000,106.45,106.46,106.49,106.5,106.6,6,2,4,8,1,106.44,106.42,106.4,106.39,106.38,1,1,35,4,8,1
2020-01-02 10:11:38,106.5,48.000,510868.000,106.5,106.6,106.68,106.69,106.7,2,1,1,16,5,106.45,106.4,106.39,106.38,106.36,12,8,4,9,1,1
2020-01-02 10:11:43,106.5,1.000,10652.000,106.5,106.6,106.68,106.69,106.7,1,1,1,16,5,106.49,106.46,106.45,106.41,106.4,6,5,12,2,8,1
2020-01-02 10:11:46,106.5,1.000,10648.000,106.6,106.68,106.69,106.7,106.75,1,1,16,5,3,106.49,106.46,106.45,106.41,106.4,6,5,25,2,9,1
2020-01-02 10:11:52,106.6,1.000,10660.000,106.68,106.69,106.7,106.75,106.77,1,16,5,3,10,106.5,106.49,106.46,106.45,106.41,4,6,5,25,2,1
2020-01-02 10:11:58,106.49,10.000,106496.000,106.68,106.69,106.7,106.75,106.77,4,16,5,3,10,106.49,106.46,106.45,106.41,106.4,2,5,25,2,9,0
2020-01-02 10:12:01,106.69,13.000,138692.000,106.69,106.7,106.75,106.77,106.78,7,5,3,10,1,106.51,106.46,106.45,106.41,106.4,2,5,25,2,9,1
2020-01-02 10:12:04,106.68,1.000,10668.000,106.69,106.7,106.75,106.77,106.78,7,5,3,10,1,106.51,106.46,106.45,106.41,106.4,2,5,25,2,9,0
2020-01-02 10:12:07,106.69,5.000,53348.000,106.68,106.69,106.7,106.75,106.77,1,2,5,3,10,106.51,106.46,106.45,106.41,106.4,2,5,14,2,9,1
2020-01-02 10:12:10,106.69,4.000,42672.000,106.7,106.75,106.77,106.78,106.8,5,3,10,1,2,106.69,106.51,106.46,106.45,106.41,7,2,5,14,2,1
2020-01-02 10:12:16,106.69,3.000,32008.000,106.7,106.75,106.77,106.78,106.8,4,3,10,1,2,106.69,106.67,106.61,106.52,106.51,6,1,1,1,2,0
2020-01-02 10:12:22,106.75,5.000,53356.000,106.75,106.77,106.78,106.8,106.82,2,10,1,2,2,106.7,106.69,106.67,106.61,106.52,1,6,1,1,1,1
2020-01-02 10:12:25,106.67,10.000,106684.000,106.67,106.75,106.77,106.78,106.8,13,2,10,1,2,106.61,106.56,106.52,106.51,106.5,1,1,1,3,2,0
2020-01-02 10:12:28,106.67,5.000,53336.000,106.67,106.75,106.77,106.78,106.8,8,2,10,1,2,106.61,106.56,106.52,106.51,106.5,1,1,1,3,2,1
2020-01-02 10:12:34,106.67,5.000,53336.000,106.67,106.69,106.75,106.77,106.78,3,23,2,10,1,106.61,106.57,106.56,106.52,106.51,1,1,1,1,3,1
2020-01-02 10:12:37,106.67,1.000,10664.000,106.67,106.69,106.75,106.77,106.78,2,23,2,10,1,106.61,106.57,106.56,106.52,106.51,1,1,1,1,3,1
2020-01-02 10:12:46,106.62,12.000,127860.000,106.61,106.62,106.65,106.67,106.69,4,3,11,2,24,106.45,106.43,106.41,106.4,106.39,14,1,2,9,4,0
2020-01-02 10:12:55,106.61,1.000,10660.000,106.61,106.62,106.65,106.67,106.69,6,3,11,2,24,106.58,106.45,106.43,106.41,106.4,1,14,1,2,9,0
2020-01-02 10:12:58,106.61,2.000,21320.000,106.61,106.62,106.65,106.67,106.69,20,5,11,2,24,106.58,106.45,106.43,106.41,106.4,1,14,1,2,9,1
