Time,Price,Volume,Amount,SP1,SP2,SP3,SP4,SP5,SV1,SV2,SV3,SV4,SV5,BP1,BP2,BP3,BP4,BP5,BV1,BV2,BV3,BV4,BV5,isBuy
2007-01-15 9:16:0,0,0,0,15.52,0,0,0,0,467,2,0,0,0,15.52,0,0,0,0,467,0,0,0,0,0
2007-01-15 9:16:10,0,0,0,15.52,0,0,0,0,477,7,0,0,0,15.52,0,0,0,0,477,0,0,0,0,0
2007-01-15 9:16:29,0,0,0,15.52,0,0,0,0,477,10,0,0,0,15.52,0,0,0,0,477,0,0,0,0,0
2007-01-15 9:16:50,0,0,0,15.52,0,0,0,0,487,0,0,0,0,15.52,0,0,0,0,487,12,0,0,0,0
2007-01-15 9:17:10,0,0,0,15.52,0,0,0,0,491,0,0,0,0,15.52,0,0,0,0,491,8,0,0,0,0
2007-01-15 9:17:20,0,0,0,15.52,0,0,0,0,491,0,0,0,0,15.52,0,0,0,0,491,39,0,0,0,0
2007-01-15 9:17:29,0,0,0,15.52,0,0,0,0,530,201,0,0,0,15.52,0,0,0,0,530,0,0,0,0,0
2007-01-15 9:17:50,0,0,0,15.52,0,0,0,0,530,217,0,0,0,15.52,0,0,0,0,530,0,0,0,0,0
2007-01-15 9:17:59,0,0,0,15.5,0,0,0,0,478,21,0,0,0,15.5,0,0,0,0,478,0,0,0,0,0
2007-01-15 9:18:9,0,0,0,15.5,0,0,0,0,463,37,0,0,0,15.5,0,0,0,0,463,0,0,0,0,0
2007-01-15 9:18:19,0,0,0,15.5,0,0,0,0,463,40,0,0,0,15.5,0,0,0,0,463,0,0,0,0,0
2007-01-15 9:18:30,0,0,0,15.5,0,0,0,0,463,50,0,0,0,15.5,0,0,0,0,463,0,0,0,0,0
2007-01-15 9:18:50,0,0,0,15.5,0,0,0,0,464,62,0,0,0,15.5,0,0,0,0,464,0,0,0,0,0
2007-01-15 9:19:0,0,0,0,15.5,0,0,0,0,464,87,0,0,0,15.5,0,0,0,0,464,0,0,0,0,0
2007-01-15 9:19:10,0,0,0,15.5,0,0,0,0,464,122,0,0,0,15.5,0,0,0,0,464,0,0,0,0,0
2007-01-15 9:19:21,0,0,0,15.5,0,0,0,0,511,97,0,0,0,15.5,0,0,0,0,511,0,0,0,0,0
2007-01-15 9:19:29,0,0,0,15.5,0,0,0,0,518,180,0,0,0,15.5,0,0,0,0,518,0,0,0,0,0
2007-01-15 9:19:40,0,0,0,15.5,0,0,0,0,583,377,0,0,0,15.5,0,0,0,0,583,0,0,0,0,0
2007-01-15 9:19:50,0,0,0,15.5,0,0,0,0,573,430,0,0,0,15.5,0,0,0,0,573,0,0,0,0,0
2007-01-15 9:20:0,0,0,0,15.5,0,0,0,0,578,446,0,0,0,15.5,0,0,0,0,578,0,0,0,0,0
2007-01-15 9:20:9,0,0,0,15.49,0,0,0,0,578,4,0,0,0,15.49,0,0,0,0,578,0,0,0,0,0
2007-01-15 9:20:20,0,0,0,15.5,0,0,0,0,652,1309,0,0,0,15.5,0,0,0,0,652,0,0,0,0,0
2007-01-15 9:20:29,0,0,0,15.5,0,0,0,0,829,1132,0,0,0,15.5,0,0,0,0,829,0,0,0,0,0
2007-01-15 9:20:39,0,0,0,15.5,0,0,0,0,829,1150,0,0,0,15.5,0,0,0,0,829,0,0,0,0,0
2007-01-15 9:20:49,0,0,0,15.5,0,0,0,0,829,1210,0,0,0,15.5,0,0,0,0,829,0,0,0,0,0
2007-01-15 9:21:1,0,0,0,15.5,0,0,0,0,862,1204,0,0,0,15.5,0,0,0,0,862,0,0,0,0,0
2007-01-15 9:21:9,0,0,0,15.5,0,0,0,0,1202,940,0,0,0,15.5,0,0,0,0,1202,0,0,0,0,0
2007-01-15 9:21:20,0,0,0,15.5,0,0,0,0,1212,958,0,0,0,15.5,0,0,0,0,1212,0,0,0,0,0
2007-01-15 9:21:29,0,0,0,15.5,0,0,0,0,1217,985,0,0,0,15.5,0,0,0,0,1217,0,0,0,0,0
2007-01-15 9:21:39,0,0,0,15.5,0,0,0,0,1251,1038,0,0,0,15.5,0,0,0,0,1251,0,0,0,0,0
2007-01-15 9:21:49,0,0,0,15.5,0,0,0,0,1282,1343,0,0,0,15.5,0,0,0,0,1282,0,0,0,0,0
2007-01-15 9:22:2,0,0,0,15.5,0,0,0,0,1329,1516,0,0,0,15.5,0,0,0,0,1329,0,0,0,0,0
2007-01-15 9:22:10,0,0,0,15.5,0,0,0,0,2289,1064,0,0,0,15.5,0,0,0,0,2289,0,0,0,0,0
2007-01-15 9:22:20,0,0,0,15.5,0,0,0,0,2326,1076,0,0,0,15.5,0,0,0,0,2326,0,0,0,0,0
2007-01-15 9:22:29,0,0,0,15.5,0,0,0,0,2355,1114,0,0,0,15.5,0,0,0,0,2355,0,0,0,0,0
2007-01-15 9:22:40,0,0,0,15.5,0,0,0,0,2355,1139,0,0,0,15.5,0,0,0,0,2355,0,0,0,0,0
2007-01-15 9:22:49,0,0,0,15.5,0,0,0,0,2360,1192,0,0,0,15.5,0,0,0,0,2360,0,0,0,0,0
2007-01-15 9:22:59,0,0,0,15.5,0,0,0,0,2474,1126,0,0,0,15.5,0,0,0,0,2474,0,0,0,0,0
2007-01-15 9:23:10,0,0,0,15.5,0,0,0,0,2485,1217,0,0,0,15.5,0,0,0,0,2485,0,0,0,0,0
2007-01-15 9:23:20,0,0,0,15.5,0,0,0,0,2675,1102,0,0,0,15.5,0,0,0,0,2675,0,0,0,0,0
2007-01-15 9:23:30,0,0,0,15.5,0,0,0,0,2676,1330,0,0,0,15.5,0,0,0,0,2676,0,0,0,0,0
2007-01-15 9:23:39,0,0,0,15.5,0,0,0,0,2676,1882,0,0,0,15.5,0,0,0,0,2676,0,0,0,0,0
2007-01-15 9:23:50,0,0,0,15.5,0,0,0,0,2779,1835,0,0,0,15.5,0,0,0,0,2779,0,0,0,0,0
2007-01-15 9:23:59,0,0,0,15.5,0,0,0,0,2814,2180,0,0,0,15.5,0,0,0,0,2814,0,0,0,0,0
2007-01-15 9:24:10,0,0,0,15.5,0,0,0,0,3614,1464,0,0,0,15.5,0,0,0,0,3614,0,0,0,0,0
2007-01-15 9:24:20,0,0,0,15.5,0,0,0,0,3675,1656,0,0,0,15.5,0,0,0,0,3675,0,0,0,0,0
2007-01-15 9:24:29,0,0,0,15.5,0,0,0,0,4205,1694,0,0,0,15.5,0,0,0,0,4205,0,0,0,0,0
2007-01-15 9:24:39,0,0,0,15.5,0,0,0,0,4225,2184,0,0,0,15.5,0,0,0,0,4225,0,0,0,0,0
2007-01-15 9:24:50,0,0,0,15.49,0,0,0,0,4225,214,0,0,0,15.49,0,0,0,0,4225,0,0,0,0,0
2007-01-15 9:24:59,0,0,0,15.49,0,0,0,0,4225,1389,0,0,0,15.49,0,0,0,0,4225,0,0,0,0,0
2007-01-15 9:25:9,0,0,0,15.49,0,0,0,0,4461,1508,0,0,0,15.49,0,0,0,0,4461,0,0,0,0,0
2007-01-15 9:25:22,15.5,8472,13131150,15.51,15.52,15.53,15.54,15.55,1,322,33,30,74,15.5,15.41,15.4,15.38,15.37,6425,40,10,4,500,0
2007-01-15 9:25:26,15.5,0,0,15.51,15.52,15.53,15.54,15.55,1,322,33,30,74,15.5,15.41,15.4,15.38,15.37,990,40,10,4,500,0
2007-01-15 9:30:21,15.5,6557,10164640,15.5,15.51,15.53,15.54,15.55,1447,38,98,40,362,15.45,15.42,15.41,15.4,15.38,4748,12,40,71,295,1
2007-01-15 9:30:25,15.5,5,7750,15.5,15.51,15.53,15.54,15.55,1442,38,98,40,362,15.45,15.42,15.41,15.4,15.38,4748,12,40,71,295,1
2007-01-15 9:30:30,15.5,4,6200,15.5,15.51,15.53,15.54,15.55,2423,38,98,40,362,15.45,15.42,15.41,15.4,15.38,4748,12,40,71,295,1
2007-01-15 9:30:34,15.45,50,77250,15.5,15.51,15.53,15.54,15.55,2423,58,103,40,362,15.45,15.42,15.41,15.4,15.38,4698,12,40,71,295,0
2007-01-15 9:30:42,15.45,241,372400,15.5,15.51,15.53,15.54,15.55,2416,58,103,60,362,15.45,15.42,15.41,15.4,15.38,4484,12,40,71,295,0
2007-01-15 9:30:44,15.5,662,1025294,15.5,15.51,15.53,15.54,15.55,1763,58,103,60,362,15.45,15.42,15.41,15.4,15.38,4478,12,40,71,297,1
2007-01-15 9:30:50,15.45,30,46404,15.5,15.51,15.52,15.53,15.54,1884,58,5,103,60,15.45,15.42,15.41,15.4,15.38,4459,12,40,71,297,0
2007-01-15 9:30:54,15.45,164,253700,15.5,15.51,15.52,15.53,15.54,1838,51,5,103,60,15.45,15.42,15.41,15.4,15.38,4359,12,40,71,297,0
2007-01-15 9:31:0,15.49,63,97352,15.49,15.5,15.51,15.52,15.53,1,1953,70,5,103,15.45,15.42,15.41,15.4,15.38,4300,12,40,321,297,1
2007-01-15 9:31:4,15.5,67,103008,15.48,15.5,15.51,15.52,15.53,1,1969,70,5,103,15.46,15.45,15.42,15.41,15.4,20,4249,12,40,321,0
2007-01-15 9:31:11,15.45,79,121324,15.49,15.5,15.51,15.52,15.53,5,1978,70,5,103,15.45,15.42,15.41,15.4,15.38,4193,12,40,321,297,0
2007-01-15 9:31:15,15.5,907,1405320,15.5,15.51,15.52,15.53,15.54,1191,70,5,103,60,15.46,15.45,15.42,15.41,15.4,2,4093,12,40,321,1
2007-01-15 9:31:22,15.45,121,186998,15.46,15.5,15.51,15.52,15.53,30,1261,70,5,103,15.45,15.42,15.41,15.4,15.38,3984,12,40,343,297,0
2007-01-15 9:31:25,15.45,158,244234,15.5,15.51,15.52,15.53,15.54,1250,69,5,103,60,15.45,15.42,15.41,15.4,15.38,3885,12,40,343,297,0
2007-01-15 9:31:31,15.49,111,171774,15.49,15.5,15.51,15.52,15.53,62,1250,69,5,103,15.46,15.45,15.42,15.41,15.4,168,3872,12,40,343,1
2007-01-15 9:31:35,15.5,219,338788,15.49,15.5,15.51,15.52,15.53,5,1132,69,5,103,15.46,15.45,15.42,15.41,15.4,168,3884,12,40,353,0
2007-01-15 9:31:41,15.5,71,110380,15.5,15.51,15.52,15.53,15.54,1134,69,5,103,60,15.46,15.45,15.42,15.41,15.4,157,3969,12,40,353,1
2007-01-15 9:31:45,15.5,316,488876,15.5,15.51,15.52,15.53,15.54,1102,69,5,103,60,15.46,15.45,15.43,15.42,15.41,44,3951,1,12,40,1
2007-01-15 9:31:51,15.45,412,637926,15.46,15.49,15.5,15.51,15.52,162,9,1034,69,5,15.45,15.43,15.42,15.41,15.4,3805,1,11,40,458,0
2007-01-15 9:31:55,15.46,85,131354,15.46,15.49,15.5,15.51,15.52,150,9,1094,69,5,15.45,15.43,15.42,15.41,15.4,3810,1,11,40,458,1
2007-01-15 9:32:1,15.5,1329,2059728,15.51,15.52,15.53,15.54,15.55,69,5,103,60,388,15.5,15.47,15.46,15.45,15.43,814,5,40,3817,1,0
2007-01-15 9:32:4,15.51,214,331704,15.51,15.52,15.53,15.54,15.55,64,5,103,60,388,15.5,15.47,15.46,15.45,15.43,642,5,62,3900,1,1
2007-01-15 9:32:10,15.5,38,58900,15.51,15.52,15.53,15.54,15.55,64,10,103,60,388,15.5,15.47,15.46,15.45,15.43,605,5,102,3902,1,0
2007-01-15 9:32:14,15.5,86,133152,15.51,15.52,15.53,15.54,15.55,57,10,103,60,388,15.5,15.47,15.46,15.45,15.43,566,5,122,3902,1,0
2007-01-15 9:32:21,15.5,225,349000,15.52,15.53,15.54,15.55,15.56,20,103,60,388,35,15.5,15.47,15.46,15.45,15.43,3499,95,126,3852,1,0
2007-01-15 9:32:24,15.5,564,874932,15.53,15.54,15.55,15.56,15.58,3,60,388,35,230,15.5,15.49,15.47,15.46,15.45,3050,10,95,126,4155,0
2007-01-15 9:32:31,15.5,118,183010,15.54,15.55,15.56,15.58,15.59,48,388,35,230,1,15.5,15.49,15.47,15.46,15.45,3081,10,95,116,4155,0
2007-01-15 9:32:36,15.5,47,73024,15.54,15.55,15.56,15.58,15.59,45,398,35,230,1,15.53,15.52,15.5,15.49,15.47,110,25,3336,10,95,0
2007-01-15 9:32:41,15.53,76,117252,15.54,15.55,15.56,15.58,15.59,45,390,35,230,1,15.53,15.52,15.51,15.5,15.49,34,139,161,3336,10,0
2007-01-15 9:32:45,15.52,196,304352,15.53,15.55,15.56,15.57,15.58,9,385,35,11,230,15.52,15.51,15.5,15.49,15.47,50,161,3311,10,115,0
2007-01-15 9:32:51,15.54,21,32264,15.55,15.56,15.57,15.58,15.59,385,35,11,230,1,15.54,15.53,15.52,15.51,15.5,3,13,49,161,3311,0
2007-01-15 9:32:54,15.54,78,121344,15.55,15.56,15.57,15.58,15.59,346,35,11,225,1,15.54,15.52,15.51,15.5,15.49,43,44,161,3331,10,0
2007-01-15 9:33:0,15.54,200,310912,15.55,15.56,15.57,15.58,15.59,236,35,11,225,1,15.54,15.52,15.51,15.5,15.49,73,44,191,3331,10,0
2007-01-15 9:33:3,15.55,456,709696,15.56,15.57,15.58,15.59,15.6,35,11,225,2,264,15.55,15.54,15.53,15.52,15.51,1353,105,30,59,274,0
2007-01-15 9:33:11,15.6,415,646700,15.58,15.6,15.61,15.62,15.63,170,139,5,20,160,15.55,15.54,15.53,15.52,15.51,1390,195,30,59,274,0
2007-01-15 9:33:14,15.55,12,19192,15.58,15.6,15.61,15.62,15.63,170,139,5,20,160,15.55,15.54,15.53,15.52,15.51,1418,188,30,59,272,0
2007-01-15 9:33:21,15.58,88,137560,15.58,15.6,15.61,15.62,15.63,93,139,5,20,160,15.57,15.55,15.54,15.53,15.52,19,1422,163,30,59,1
2007-01-15 9:33:24,15.55,240,374000,15.6,15.61,15.62,15.63,15.65,26,5,20,160,352,15.58,15.55,15.54,15.53,15.52,2,1461,163,30,58,0
2007-01-15 9:33:31,15.6,29,44912,15.6,15.61,15.62,15.63,15.65,215,5,20,160,352,15.58,15.55,15.54,15.53,15.52,136,1577,229,30,78,1
2007-01-15 9:33:34,15.55,1023,1593100,15.58,15.6,15.61,15.62,15.63,11,2,5,20,160,15.55,15.54,15.53,15.52,15.51,1050,229,30,78,263,0
2007-01-15 9:33:42,15.55,222,345224,15.6,15.61,15.62,15.63,15.65,5,5,20,160,352,15.58,15.55,15.54,15.53,15.52,100,944,229,30,78,0
2007-01-15 9:33:45,15.6,107,166968,15.63,15.65,15.68,15.69,15.7,142,352,159,103,91,15.6,15.58,15.57,15.56,15.55,11,307,1,20,942,0
2007-01-15 9:33:51,15.62,315,491000,15.63,15.65,15.68,15.69,15.7,142,352,159,103,91,15.62,15.58,15.57,15.56,15.55,0,204,1,30,953,0
2007-01-15 9:33:54,15.59,17,26660,15.59,15.6,15.63,15.65,15.68,3,25,142,352,156,15.58,15.57,15.56,15.55,15.54,260,1,33,960,231,1
2007-01-15 9:34:0,15.63,280,437572,15.62,15.65,15.68,15.69,15.7,29,342,156,103,91,15.6,15.58,15.57,15.56,15.55,220,440,1,39,972,0
2007-01-15 9:34:5,15.62,43,67120,15.62,15.65,15.68,15.69,15.7,12,348,154,103,91,15.6,15.58,15.57,15.56,15.55,234,390,1,45,990,1
2007-01-15 9:34:11,15.6,566,882808,15.6,15.62,15.63,15.65,15.68,45,8,5,13,154,15.58,15.57,15.56,15.55,15.54,154,1,45,1017,161,1
2007-01-15 9:34:15,15.58,78,121536,15.6,15.62,15.63,15.65,15.68,92,38,35,20,154,15.58,15.57,15.56,15.55,15.54,181,6,50,1008,161,0
2007-01-15 9:34:21,15.58,237,370028,15.6,15.62,15.63,15.68,15.69,31,40,44,154,3,15.58,15.57,15.56,15.55,15.54,199,6,50,1008,161,0
2007-01-15 9:34:25,15.62,300,468484,15.62,15.63,15.65,15.68,15.69,9,44,56,154,3,15.6,15.59,15.58,15.57,15.56,34,130,199,6,96,1
2007-01-15 9:34:31,15.6,156,243348,15.6,15.62,15.63,15.65,15.68,94,9,44,62,154,15.59,15.58,15.57,15.56,15.55,120,199,6,96,1009,1
2007-01-15 9:34:37,15.6,80,124776,15.6,15.62,15.63,15.65,15.68,111,9,51,72,154,15.59,15.58,15.57,15.56,15.55,93,229,6,96,1009,1
2007-01-15 9:34:41,15.6,85,131964,15.6,15.62,15.63,15.65,15.66,155,12,51,75,10,15.59,15.58,15.57,15.56,15.55,83,229,6,96,979,1
2007-01-15 9:34:45,15.6,631,984480,15.63,15.65,15.66,15.68,15.69,34,75,10,154,3,15.6,15.59,15.58,15.57,15.56,302,73,229,6,166,0
2007-01-15 9:34:52,15.6,220,343292,15.61,15.62,15.63,15.65,15.66,20,3,7,85,10,15.6,15.59,15.58,15.57,15.56,260,73,229,6,166,0
2007-01-15 9:34:55,15.6,58,90496,15.61,15.62,15.63,15.65,15.66,3,3,7,85,10,15.6,15.59,15.58,15.57,15.56,251,73,439,6,378,0
2007-01-15 9:35:1,15.63,172,268276,15.65,15.66,15.68,15.69,15.7,168,10,173,4,91,15.63,15.6,15.59,15.58,15.57,76,178,122,439,6,0
2007-01-15 9:35:4,15.61,332,518256,15.63,15.65,15.66,15.68,15.69,95,174,10,173,4,15.61,15.6,15.59,15.58,15.57,42,37,122,397,6,0
2007-01-15 9:35:13,15.6,567,885868,15.65,15.66,15.67,15.68,15.69,49,26,30,173,4,15.6,15.59,15.58,15.57,15.56,48,122,397,6,352,0
2007-01-15 9:35:21,15.65,405,633000,15.65,15.66,15.67,15.68,15.69,9,26,30,173,4,15.61,15.6,15.59,15.58,15.57,8,44,122,397,6,1
2007-01-15 9:35:25,15.59,193,300564,15.6,15.61,15.63,15.64,15.65,10,18,2,10,8,15.59,15.58,15.57,15.56,15.55,16,399,6,352,903,0
2007-01-15 9:35:31,15.62,234,366260,15.63,15.64,15.65,15.66,15.67,103,16,11,10,30,15.62,15.6,15.59,15.58,15.57,82,20,16,399,6,0
2007-01-15 9:35:35,15.59,506,791592,15.6,15.64,15.66,15.67,15.68,294,20,10,30,173,15.59,15.58,15.57,15.56,15.55,14,389,6,352,898,0
2007-01-15 9:35:42,15.58,113,176196,15.59,15.6,15.63,15.64,15.65,4,234,100,20,51,15.58,15.57,15.56,15.55,15.54,354,6,352,898,71,0
2007-01-15 9:35:44,15.6,217,338516,15.6,15.62,15.63,15.64,15.65,22,3,100,20,51,15.58,15.57,15.56,15.55,15.54,354,6,352,898,71,1
2007-01-15 9:35:51,15.63,260,406064,15.63,15.64,15.65,15.66,15.67,87,20,61,589,30,15.58,15.57,15.56,15.55,15.54,168,6,352,898,71,1
2007-01-15 9:35:54,15.58,108,168376,15.59,15.62,15.63,15.64,15.65,5,85,87,25,81,15.58,15.57,15.56,15.55,15.54,126,6,352,893,71,0
2007-01-15 9:36:2,15.6,306,476796,15.61,15.62,15.63,15.64,15.65,4,81,97,25,93,15.6,15.56,15.55,15.54,15.53,51,297,893,71,62,0
2007-01-15 9:36:5,15.62,52,81204,15.62,15.63,15.64,15.65,15.66,68,100,125,93,589,15.6,15.56,15.55,15.54,15.53,61,297,893,71,62,1
2007-01-15 9:36:12,15.56,267,416172,15.58,15.6,15.62,15.63,15.64,44,5,132,109,125,15.56,15.55,15.54,15.53,15.52,257,899,71,62,114,0
2007-01-15 9:36:16,15.6,286,446024,15.58,15.6,15.62,15.63,15.64,4,102,142,127,105,15.56,15.55,15.54,15.53,15.52,251,899,71,62,114,0
2007-01-15 9:36:24,15.56,169,263060,15.6,15.62,15.63,15.64,15.65,422,162,137,105,234,15.56,15.55,15.54,15.53,15.52,128,899,71,30,114,0
2007-01-15 9:36:31,15.59,353,549748,15.6,15.61,15.62,15.63,15.64,369,60,162,137,105,15.59,15.56,15.55,15.54,15.53,187,27,899,71,30,0
2007-01-15 9:36:35,15.59,97,151224,15.6,15.61,15.62,15.63,15.64,870,80,164,137,105,15.59,15.56,15.55,15.54,15.53,330,27,899,71,30,0
2007-01-15 9:36:41,15.6,456,710576,15.6,15.61,15.62,15.63,15.64,1000,80,177,127,105,15.57,15.55,15.54,15.53,15.52,146,898,71,30,114,1
2007-01-15 9:36:47,15.57,165,256984,15.58,15.6,15.61,15.62,15.63,50,1074,80,177,127,15.57,15.56,15.55,15.54,15.53,39,7,908,71,30,0
2007-01-15 9:36:50,15.57,30,46092,15.58,15.59,15.6,15.61,15.62,206,63,1082,80,182,15.57,15.56,15.55,15.54,15.53,14,68,908,71,30,0
2007-01-15 9:36:55,15.56,54,84072,15.58,15.59,15.6,15.61,15.62,188,143,1098,80,182,15.56,15.55,15.54,15.53,15.52,56,934,71,30,114,0
2007-01-15 9:37:2,15.58,122,189992,15.58,15.59,15.6,15.61,15.62,108,1125,1206,60,104,15.56,15.55,15.54,15.53,15.52,14,959,71,30,114,1
2007-01-15 9:37:4,15.56,379,590596,15.57,15.59,15.6,15.61,15.62,50,762,1232,60,104,15.56,15.55,15.54,15.53,15.52,0,959,71,30,130,0
2007-01-15 9:37:11,15.57,65,100660,15.57,15.59,15.6,15.61,15.62,161,764,1246,160,104,15.55,15.54,15.53,15.52,15.51,939,71,30,130,213,1
2007-01-15 9:37:14,15.6,1959,3049760,15.6,15.61,15.62,15.63,15.64,1340,160,105,159,109,15.58,15.54,15.53,15.52,15.51,16,71,30,130,213,1
2007-01-15 9:37:21,15.57,118,183604,15.55,15.57,15.58,15.59,15.6,79,6,11,10,1492,15.54,15.53,15.52,15.51,15.5,49,30,135,213,4827,0
2007-01-15 9:37:24,15.55,183,284576,15.55,15.56,15.57,15.58,15.59,70,63,6,126,10,15.54,15.53,15.52,15.51,15.5,29,30,135,213,4828,1
2007-01-15 9:37:32,15.59,439,683536,15.6,15.61,15.62,15.63,15.64,1546,160,110,159,109,15.59,15.56,15.54,15.53,15.52,60,10,229,30,335,0
2007-01-15 9:37:35,15.57,157,244472,15.59,15.6,15.61,15.62,15.63,5,1535,160,120,159,15.55,15.54,15.53,15.52,15.51,7,229,30,335,223,0
2007-01-15 9:37:40,15.6,1599,2494676,15.61,15.62,15.63,15.64,15.65,160,120,159,109,396,15.6,15.58,15.56,15.55,15.54,2019,11,47,1,229,0
2007-01-15 9:37:44,15.6,86,134160,15.61,15.62,15.63,15.64,15.65,160,120,159,111,396,15.6,15.58,15.57,15.56,15.55,2011,17,40,47,54,0
2007-01-15 9:37:50,15.6,296,461760,15.61,15.62,15.63,15.64,15.65,160,124,163,111,402,15.6,15.58,15.57,15.56,15.55,1915,17,40,47,82,0
2007-01-15 9:37:56,15.6,429,669244,15.61,15.62,15.63,15.64,15.65,158,124,163,111,402,15.6,15.58,15.57,15.56,15.55,1598,17,45,47,132,0
2007-01-15 9:38:1,15.6,210,328380,15.61,15.62,15.63,15.64,15.65,158,124,163,111,428,15.6,15.59,15.58,15.57,15.56,1387,7,17,45,47,0
2007-01-15 9:38:4,15.6,412,642728,15.61,15.62,15.63,15.64,15.65,140,124,163,111,448,15.6,15.59,15.58,15.57,15.56,1485,63,17,45,47,0
2007-01-15 9:38:11,15.6,276,430992,15.61,15.62,15.63,15.64,15.65,31,124,163,111,448,15.6,15.59,15.58,15.57,15.56,1393,63,17,95,47,0
2007-01-15 9:38:15,15.6,288,449224,15.62,15.63,15.64,15.65,15.66,123,163,111,448,590,15.6,15.59,15.58,15.57,15.56,695,63,17,95,47,0
2007-01-15 9:38:22,15.61,174,271624,15.62,15.63,15.64,15.65,15.66,73,163,111,452,590,15.61,15.6,15.59,15.58,15.57,85,653,75,27,95,0
2007-01-15 9:38:24,15.61,153,238988,15.62,15.63,15.64,15.65,15.66,73,163,111,452,590,15.61,15.6,15.59,15.58,15.57,9,665,75,27,95,0
2007-01-15 9:38:32,15.63,934,1457540,15.6,15.63,15.64,15.65,15.66,5,104,111,452,590,15.59,15.58,15.57,15.56,15.55,63,27,95,47,163,0
2007-01-15 9:38:35,15.59,418,652004,15.59,15.6,15.61,15.63,15.64,34,420,2,99,111,15.58,15.57,15.56,15.55,15.54,29,103,47,163,239,1
2007-01-15 9:38:42,15.6,39,60808,15.6,15.61,15.63,15.64,15.65,432,12,99,111,554,15.58,15.57,15.56,15.55,15.54,35,103,47,163,239,1
2007-01-15 9:38:44,15.59,21,32752,15.59,15.6,15.61,15.62,15.63,5,533,19,20,99,15.58,15.57,15.56,15.55,15.54,35,103,47,145,239,1
2007-01-15 9:38:51,15.59,26,40552,15.6,15.61,15.62,15.63,15.64,571,46,70,99,121,15.59,15.58,15.57,15.56,15.55,22,35,103,47,145,0
2007-01-15 9:38:55,15.57,187,291540,15.6,15.61,15.62,15.63,15.64,456,51,70,109,121,15.57,15.56,15.55,15.54,15.53,102,81,145,244,30,0
2007-01-15 9:39:0,15.55,223,347116,15.58,15.59,15.6,15.61,15.62,8,30,469,51,70,15.55,15.54,15.53,15.52,15.51,121,244,30,335,193,0
2007-01-15 9:39:4,15.59,29,45204,15.59,15.6,15.61,15.62,15.63,49,450,51,70,113,15.55,15.54,15.53,15.52,15.51,122,244,30,335,193,1
2007-01-15 9:39:11,15.58,11,17136,15.57,15.58,15.59,15.6,15.61,25,74,114,448,51,15.56,15.55,15.54,15.53,15.52,200,122,244,37,335,0
2007-01-15 9:39:14,15.57,28,43592,15.57,15.58,15.59,15.6,15.61,3,76,120,449,51,15.56,15.55,15.54,15.53,15.52,194,122,244,37,335,1
2007-01-15 9:39:21,15.56,829,1292308,15.59,15.6,15.61,15.62,15.63,5,44,51,70,103,15.56,15.55,15.54,15.53,15.52,41,122,244,37,335,0
2007-01-15 9:39:26,15.59,259,403160,15.59,15.6,15.61,15.62,15.63,23,74,51,70,103,15.55,15.54,15.53,15.52,15.51,13,244,37,335,143,1
2007-01-15 9:39:30,15.59,20,31136,15.59,15.6,15.61,15.62,15.63,13,74,51,70,103,15.55,15.54,15.53,15.52,15.51,72,244,37,335,143,1
2007-01-15 9:39:35,15.59,267,415200,15.6,15.61,15.62,15.63,15.64,81,80,70,108,173,15.59,15.54,15.53,15.52,15.51,134,111,37,335,143,0
2007-01-15 9:39:40,15.59,413,643088,15.59,15.6,15.61,15.62,15.63,85,111,180,70,110,15.54,15.53,15.52,15.51,15.5,35,37,335,143,5107,1
2007-01-15 9:39:45,15.55,138,215544,15.6,15.61,15.62,15.63,15.64,535,180,70,129,173,15.55,15.54,15.53,15.52,15.51,193,35,37,335,143,0
2007-01-15 9:39:51,15.59,40,62296,15.56,15.59,15.6,15.61,15.62,40,10,556,180,70,15.55,15.54,15.53,15.52,15.51,698,35,37,335,143,0
2007-01-15 9:39:57,15.56,46,71568,15.58,15.59,15.6,15.61,15.62,20,110,637,177,94,15.57,15.55,15.54,15.53,15.52,5,692,35,37,335,0
2007-01-15 9:40:0,15.58,54,83992,15.58,15.59,15.6,15.61,15.62,19,120,695,177,94,15.55,15.54,15.53,15.52,15.51,655,35,37,342,143,1
2007-01-15 9:40:5,15.58,371,578832,15.59,15.6,15.61,15.62,15.63,122,720,177,94,129,15.58,15.55,15.54,15.53,15.52,8,646,35,157,342,0
2007-01-15 9:40:11,15.55,89,138432,15.58,15.59,15.6,15.61,15.62,14,156,733,177,94,15.56,15.55,15.54,15.53,15.52,10,584,35,157,342,0
2007-01-15 9:40:17,15.56,79,122992,15.56,15.58,15.59,15.6,15.61,29,10,174,738,177,15.55,15.54,15.53,15.52,15.51,576,35,157,342,143,1
2007-01-15 9:40:21,15.59,80,124592,15.58,15.59,15.6,15.61,15.62,3,264,758,177,94,15.55,15.54,15.53,15.52,15.51,1088,35,157,342,143,0
2007-01-15 9:40:25,15.59,354,552000,15.6,15.61,15.62,15.63,15.64,813,177,94,139,75,15.59,15.58,15.56,15.55,15.54,19,246,10,1088,45,0
2007-01-15 9:40:31,15.59,186,289896,15.59,15.6,15.61,15.62,15.63,207,876,177,124,139,15.58,15.56,15.55,15.54,15.53,200,40,1088,45,157,1
2007-01-15 9:40:35,15.59,420,653824,15.59,15.6,15.61,15.62,15.63,202,912,177,124,139,15.56,15.55,15.54,15.53,15.52,30,940,45,157,342,1
2007-01-15 9:40:42,15.59,210,326600,15.59,15.6,15.61,15.62,15.63,212,1027,177,124,139,15.55,15.54,15.53,15.52,15.51,770,45,157,342,143,1
2007-01-15 9:40:46,15.59,138,214992,15.58,15.59,15.6,15.61,15.62,21,162,1094,177,124,15.57,15.56,15.55,15.54,15.53,4,70,770,45,157,0
2007-01-15 9:40:50,15.59,54,84112,15.58,15.59,15.6,15.61,15.62,12,162,1102,177,124,15.56,15.55,15.54,15.53,15.52,303,770,45,157,342,0
2007-01-15 9:40:54,15.56,91,141640,15.59,15.6,15.61,15.62,15.63,251,1102,170,74,139,15.56,15.55,15.54,15.53,15.52,284,783,45,157,342,0
2007-01-15 9:41:2,15.56,34,52968,15.57,15.58,15.59,15.6,15.61,5,5,577,1196,170,15.56,15.55,15.54,15.53,15.52,275,785,45,157,342,0
2007-01-15 9:41:7,15.59,48,74736,15.59,15.6,15.61,15.62,15.63,551,1203,170,84,144,15.58,15.56,15.55,15.54,15.53,64,283,785,45,157,1
2007-01-15 9:41:10,15.58,45,70104,15.59,15.6,15.61,15.62,15.63,566,1342,170,84,144,15.58,15.56,15.55,15.54,15.53,99,343,785,45,157,0
2007-01-15 9:41:18,15.58,44,67936,15.59,15.6,15.61,15.62,15.63,577,1421,170,84,144,15.58,15.56,15.55,15.54,15.53,60,343,785,45,157,0
2007-01-15 9:41:20,15.6,2303,3592520,15.61,15.62,15.63,15.64,15.65,170,84,144,80,1725,15.6,15.59,15.58,15.57,15.56,736,50,60,16,458,0
2007-01-15 9:41:25,15.6,48,74880,15.61,15.62,15.63,15.64,15.65,170,84,144,80,1753,15.6,15.59,15.58,15.57,15.56,688,50,65,16,537,0
2007-01-15 9:41:32,15.6,466,726336,15.61,15.62,15.63,15.64,15.65,170,92,144,80,1753,15.6,15.59,15.58,15.57,15.56,222,90,65,16,579,0
2007-01-15 9:41:34,15.59,1056,1644616,15.58,15.59,15.6,15.61,15.62,30,20,15,161,92,15.57,15.55,15.54,15.53,15.52,1,761,45,157,362,0
2007-01-15 9:41:41,15.58,2,3120,15.58,15.59,15.6,15.61,15.62,28,29,49,162,92,15.57,15.56,15.55,15.54,15.53,101,7,761,45,167,1
2007-01-15 9:41:45,15.59,79,123032,15.59,15.6,15.61,15.62,15.63,28,190,162,92,147,15.57,15.56,15.55,15.54,15.53,51,7,803,45,167,1
2007-01-15 9:41:50,15.55,793,1233632,15.6,15.61,15.62,15.63,15.64,166,162,67,147,390,15.55,15.54,15.53,15.52,15.51,161,45,167,362,60,0
2007-01-15 9:41:54,15.6,256,399488,15.61,15.62,15.63,15.64,15.65,162,67,147,400,1768,15.6,15.55,15.54,15.53,15.52,1248,161,45,167,362,0
2007-01-15 9:42:0,15.6,631,984384,15.61,15.62,15.63,15.64,15.65,145,67,115,400,1768,15.6,15.59,15.58,15.55,15.54,1037,18,5,161,45,0
2007-01-15 9:42:4,15.6,243,379080,15.61,15.62,15.63,15.64,15.65,145,67,115,405,1770,15.6,15.59,15.58,15.56,15.55,800,19,10,1,164,0
2007-01-15 9:42:11,15.55,1056,1645832,15.55,15.6,15.61,15.62,15.63,112,13,145,70,115,15.54,15.53,15.52,15.51,15.5,45,167,352,60,5134,1
2007-01-15 9:42:14,15.55,0,0,15.55,15.56,15.59,15.6,15.61,312,6,18,29,145,15.54,15.53,15.52,15.51,15.5,45,167,357,60,5134,1
2007-01-15 9:42:23,15.55,62,96400,15.55,15.56,15.59,15.6,15.61,255,14,18,64,145,15.54,15.53,15.52,15.51,15.5,40,167,357,60,5134,1
2007-01-15 9:42:25,15.55,132,205264,15.55,15.56,15.58,15.59,15.6,123,14,13,18,128,15.54,15.53,15.52,15.51,15.5,40,167,357,60,5134,1
2007-01-15 9:42:33,15.58,394,613632,15.61,15.62,15.63,15.64,15.65,150,93,425,416,1922,15.58,15.55,15.54,15.53,15.52,19,104,40,167,357,0
2007-01-15 9:42:36,15.58,30,46776,15.6,15.61,15.62,15.63,15.64,71,150,93,425,416,15.58,15.56,15.55,15.54,15.53,9,40,104,40,167,0
2007-01-15 9:42:40,15.58,10,15592,15.59,15.6,15.61,15.62,15.63,15,85,167,93,425,15.58,15.56,15.55,15.54,15.53,4,55,104,40,167,0
2007-01-15 9:42:45,15.54,255,395752,15.54,15.59,15.6,15.61,15.62,757,15,92,166,93,15.53,15.52,15.51,15.5,15.49,167,357,60,5136,120,1
2007-01-15 9:42:51,15.53,838,1302328,15.54,15.59,15.6,15.61,15.62,97,14,127,166,93,15.53,15.52,15.51,15.5,15.49,154,357,60,5136,120,0
2007-01-15 9:42:55,15.54,57,88576,15.54,15.58,15.59,15.6,15.61,40,14,14,133,166,15.53,15.52,15.51,15.5,15.49,454,357,60,5137,120,1
2007-01-15 9:43:3,15.54,12,18648,15.54,15.58,15.59,15.6,15.61,28,19,14,187,166,15.53,15.52,15.51,15.5,15.49,454,357,60,5137,120,1
2007-01-15 9:43:4,15.6,298,464736,15.59,15.6,15.61,15.62,15.63,7,125,166,83,425,15.54,15.53,15.52,15.51,15.5,1,452,357,60,5136,0
2007-01-15 9:43:12,15.59,36,55984,15.6,15.61,15.62,15.63,15.64,125,166,83,425,421,15.59,15.54,15.53,15.52,15.51,12,10,429,357,60,0
2007-01-15 9:43:15,15.54,36,56056,15.6,15.61,15.62,15.63,15.64,179,166,83,434,420,15.54,15.53,15.52,15.51,15.5,1,453,357,60,5141,0
2007-01-15 9:43:21,15.55,9,13992,15.59,15.6,15.61,15.62,15.63,35,186,166,83,434,15.55,15.54,15.53,15.52,15.51,4,275,453,367,160,0
2007-01-15 9:43:27,15.54,315,489488,15.55,15.59,15.6,15.61,15.62,200,35,1244,166,83,15.54,15.53,15.52,15.51,15.5,83,427,367,160,5146,0
2007-01-15 9:43:31,15.55,176,273656,15.55,15.59,15.6,15.61,15.62,50,35,1267,166,83,15.54,15.53,15.52,15.51,15.5,59,427,367,184,5160,1
2007-01-15 9:43:35,15.55,1018,1580688,15.58,15.59,15.6,15.61,15.62,1,46,1389,166,83,15.55,15.54,15.51,15.5,15.49,73,20,112,5161,124,0
2007-01-15 9:43:41,15.59,183,285512,15.59,15.6,15.61,15.62,15.63,390,1500,166,283,415,15.55,15.54,15.52,15.51,15.5,112,34,3,112,5161,1
2007-01-15 9:43:45,15.55,104,161560,15.58,15.59,15.6,15.61,15.62,171,495,1528,166,283,15.55,15.54,15.52,15.51,15.5,33,111,3,112,5202,0
2007-01-15 9:43:53,15.55,33,50704,15.58,15.59,15.6,15.61,15.62,167,539,1528,166,283,15.55,15.54,15.52,15.51,15.5,4,111,3,212,5195,0
2007-01-15 9:43:54,15.55,50,78528,15.58,15.59,15.6,15.61,15.62,267,543,1543,166,283,15.55,15.54,15.53,15.52,15.51,23,136,2,3,312,0
2007-01-15 9:44:0,15.58,34,52936,15.58,15.59,15.6,15.61,15.62,255,688,1545,166,283,15.55,15.54,15.53,15.52,15.51,14,136,2,3,312,1
2007-01-15 9:44:6,15.54,21,33216,15.55,15.58,15.59,15.6,15.61,18,253,993,1555,166,15.54,15.53,15.52,15.51,15.5,133,23,3,312,5231,0
2007-01-15 9:44:10,15.52,259,403256,15.52,15.55,15.58,15.59,15.6,356,18,253,1010,1578,15.51,15.5,15.49,15.47,15.46,312,5236,124,205,275,1
2007-01-15 9:44:15,15.51,129,200200,15.52,15.55,15.58,15.59,15.6,232,44,253,1110,1640,15.51,15.5,15.49,15.47,15.46,307,5236,124,205,275,0
2007-01-15 9:44:21,15.52,46,71392,15.52,15.54,15.55,15.58,15.59,188,39,69,303,1140,15.51,15.5,15.49,15.47,15.46,307,5239,124,205,275,1
2007-01-15 9:44:25,15.55,300,466616,15.58,15.59,15.6,15.61,15.62,312,1139,1686,57,283,15.55,15.54,15.53,15.51,15.5,75,81,53,427,5359,0
2007-01-15 9:44:31,15.55,106,164608,15.58,15.59,15.6,15.61,15.62,320,1139,1706,57,283,15.55,15.54,15.53,15.52,15.51,4,81,53,610,427,0
2007-01-15 9:44:34,15.58,5762,8934416,15.58,15.59,15.6,15.61,15.62,243,1139,1745,57,283,15.52,15.5,15.49,15.47,15.46,100,892,124,205,275,1
2007-01-15 9:44:41,15.57,98,152592,15.58,15.59,15.6,15.61,15.62,258,1139,1757,57,283,15.57,15.52,15.5,15.49,15.47,43,126,889,124,205,0
2007-01-15 9:44:45,15.52,257,399232,15.52,15.55,15.58,15.59,15.6,84,115,347,1113,1723,15.5,15.49,15.47,15.46,15.45,889,124,205,275,3981,1
2007-01-15 9:44:51,15.52,91,141112,15.52,15.55,15.57,15.58,15.59,56,508,7,347,1123,15.5,15.49,15.47,15.46,15.45,839,124,205,275,3981,1
2007-01-15 9:44:54,15.51,48,74496,15.52,15.53,15.54,15.55,15.57,16,2,3,680,68,15.51,15.5,15.49,15.47,15.46,379,839,124,205,275,0
2007-01-15 9:45:0,15.51,46,71384,15.52,15.53,15.54,15.55,15.57,1,2,16,684,71,15.51,15.5,15.49,15.48,15.47,422,889,124,300,205,0
2007-01-15 9:45:5,15.51,48,74456,15.54,15.55,15.57,15.58,15.59,41,768,71,430,1133,15.52,15.51,15.5,15.49,15.48,50,478,889,124,300,0
2007-01-15 9:45:11,15.51,239,371344,15.54,15.55,15.57,15.58,15.59,32,595,118,530,1133,15.51,15.5,15.49,15.48,15.47,449,889,124,310,5,0
2007-01-15 9:45:15,15.52,66,103168,15.53,15.54,15.55,15.57,15.58,97,50,595,118,539,15.52,15.51,15.5,15.49,15.48,169,449,889,124,340,0
2007-01-15 9:45:23,15.5,1169,1813112,15.54,15.55,15.57,15.58,15.59,33,595,118,564,1133,15.5,15.49,15.48,15.47,15.46,463,124,340,5,575,0
2007-01-15 9:45:26,15.51,18,27904,15.51,15.52,15.54,15.55,15.57,61,180,83,611,118,15.5,15.49,15.48,15.47,15.46,453,120,440,5,575,1
2007-01-15 9:45:32,15.51,36,55832,15.51,15.52,15.54,15.55,15.57,138,204,103,611,68,15.5,15.49,15.48,15.47,15.46,452,120,440,5,575,1
2007-01-15 9:45:34,15.5,216,334880,15.51,15.52,15.54,15.55,15.57,88,236,123,611,68,15.5,15.49,15.48,15.47,15.46,318,120,440,5,577,0
2007-01-15 9:45:42,15.5,50,77504,15.51,15.52,15.54,15.55,15.57,88,236,189,531,68,15.5,15.49,15.48,15.47,15.46,318,120,430,5,577,0
2007-01-15 9:45:45,15.5,408,632832,15.5,15.51,15.52,15.54,15.55,216,94,242,236,536,15.49,15.48,15.47,15.46,15.45,55,430,5,577,3999,1
2007-01-15 9:45:53,15.49,56,86520,15.5,15.51,15.52,15.54,15.55,306,94,242,744,548,15.49,15.48,15.47,15.46,15.45,9,430,5,577,3999,0
2007-01-15 9:45:56,15.5,300,465000,15.5,15.51,15.52,15.54,15.55,212,124,242,759,548,15.49,15.48,15.47,15.46,15.45,9,430,5,577,3999,1
2007-01-15 9:46:3,15.49,48,74624,15.49,15.5,15.51,15.52,15.53,47,230,124,242,30,15.48,15.47,15.46,15.45,15.44,430,5,577,3989,300,1
2007-01-15 9:46:4,15.49,2,3096,15.49,15.5,15.51,15.52,15.53,64,272,158,242,30,15.48,15.47,15.46,15.45,15.44,440,5,577,3989,300,1
2007-01-15 9:46:13,15.5,183,283432,15.5,15.51,15.52,15.53,15.54,265,158,260,30,712,15.48,15.47,15.46,15.45,15.44,373,5,577,3989,300,1
2007-01-15 9:46:15,15.5,157,243240,15.49,15.5,15.51,15.52,15.53,60,185,160,220,30,15.48,15.47,15.46,15.45,15.44,316,5,581,3989,300,0
2007-01-15 9:46:22,15.48,381,589856,15.48,15.49,15.5,15.51,15.52,88,5,192,160,220,15.47,15.46,15.45,15.44,15.43,5,581,3989,300,1,1
2007-01-15 9:46:25,15.5,619,959648,15.51,15.52,15.53,15.54,15.55,160,220,30,712,396,15.5,15.46,15.45,15.44,15.43,412,568,3991,300,1,0
2007-01-15 9:46:33,15.48,472,731040,15.48,15.5,15.51,15.52,15.53,62,649,95,220,30,15.46,15.45,15.44,15.43,15.42,568,3991,300,1,300,1
2007-01-15 9:46:36,15.49,234,361376,15.5,15.51,15.52,15.53,15.54,822,95,220,30,712,15.49,15.46,15.45,15.44,15.43,372,487,3989,300,1,0
2007-01-15 9:46:44,15.48,522,808776,15.48,15.5,15.51,15.52,15.53,428,1362,95,220,30,15.46,15.45,15.44,15.43,15.42,436,3989,300,3,300,1
2007-01-15 9:46:45,15.48,5,7736,15.48,15.5,15.51,15.52,15.53,424,1373,100,238,30,15.46,15.45,15.44,15.43,15.42,436,4099,300,3,300,1
2007-01-15 9:46:51,15.5,1018,1577048,15.5,15.51,15.52,15.53,15.54,842,100,238,40,712,15.46,15.45,15.44,15.43,15.42,436,4099,300,3,300,1
2007-01-15 9:46:54,15.48,1014,1570824,15.49,15.5,15.51,15.52,15.53,2,20,100,218,40,15.48,15.46,15.45,15.44,15.43,496,436,4099,300,3,0
2007-01-15 9:47:2,15.48,311,481168,15.5,15.51,15.52,15.53,15.54,36,102,218,40,704,15.48,15.46,15.45,15.44,15.43,416,447,4099,300,3,0
2007-01-15 9:47:4,15.48,185,286416,15.49,15.5,15.51,15.52,15.53,150,16,102,218,140,15.48,15.46,15.45,15.44,15.43,269,447,4099,300,3,0
2007-01-15 9:47:11,15.48,170,263208,15.49,15.5,15.51,15.52,15.53,105,72,102,218,140,15.48,15.46,15.45,15.44,15.43,146,447,4127,300,3,0
2007-01-15 9:47:15,15.47,167,258952,15.49,15.5,15.51,15.52,15.53,105,148,102,218,140,15.48,15.46,15.45,15.44,15.43,3,434,4127,320,458,0
2007-01-15 9:47:22,15.46,43,66480,15.47,15.48,15.49,15.5,15.51,10,315,538,320,102,15.46,15.45,15.44,15.43,15.42,394,4125,320,458,300,0
2007-01-15 9:47:24,15.46,41,63440,15.48,15.49,15.5,15.51,15.52,1340,574,333,72,226,15.46,15.45,15.44,15.43,15.42,586,4125,320,458,300,0
2007-01-15 9:47:31,15.46,31,47968,15.48,15.49,15.5,15.51,15.52,1436,579,329,72,226,15.46,15.45,15.44,15.43,15.42,575,4115,320,458,300,0
2007-01-15 9:47:35,15.48,58,88928,15.48,15.49,15.5,15.51,15.52,1428,579,387,72,226,15.46,15.45,15.44,15.43,15.42,538,4115,320,458,300,1
2007-01-15 9:47:43,15.47,104,160712,15.47,15.48,15.49,15.5,15.51,44,1398,579,413,72,15.46,15.45,15.44,15.43,15.42,555,4115,320,458,300,1
2007-01-15 9:47:44,15.48,1610,2492480,15.49,15.5,15.51,15.52,15.53,593,414,72,226,148,15.48,15.47,15.46,15.45,15.44,538,1,412,4105,320,0
2007-01-15 9:47:50,15.48,452,699968,15.49,15.5,15.51,15.52,15.53,587,440,72,226,148,15.48,15.47,15.46,15.45,15.44,91,1,412,4105,320,0
2007-01-15 9:47:54,15.46,279,431512,15.48,15.49,15.5,15.51,15.52,34,594,452,72,226,15.46,15.45,15.44,15.43,15.42,236,4115,320,458,300,0
2007-01-15 9:48:2,15.46,221,341672,15.47,15.48,15.49,15.5,15.51,1,94,594,463,72,15.46,15.45,15.44,15.43,15.42,2,4115,320,458,300,0
2007-01-15 9:48:10,15.49,618,955792,15.46,15.48,15.49,15.5,15.51,23,32,439,500,72,15.45,15.44,15.43,15.42,15.41,3810,320,458,300,50,0
2007-01-15 9:48:12,15.48,85,131496,15.46,15.48,15.49,15.5,15.51,7,134,439,555,72,15.45,15.44,15.43,15.42,15.41,3802,320,458,300,50,0
2007-01-15 9:48:14,15.48,15,23192,15.46,15.48,15.49,15.5,15.51,198,338,439,555,72,15.45,15.44,15.43,15.42,15.41,3802,320,458,300,50,0
2007-01-15 9:48:21,15.45,2130,3290976,15.46,15.47,15.48,15.49,15.5,111,10,448,434,655,15.45,15.44,15.43,15.42,15.41,1802,320,458,300,50,0
2007-01-15 9:48:24,15.46,653,1008920,15.46,15.47,15.48,15.49,15.5,79,11,526,434,684,15.45,15.44,15.43,15.42,15.41,1161,320,458,300,50,1
2007-01-15 9:48:33,15.5,1956,3030064,15.51,15.52,15.53,15.54,15.55,72,129,153,643,464,15.5,15.49,15.47,15.45,15.44,591,3,60,1147,320,0
2007-01-15 9:48:34,15.45,1582,2447296,15.51,15.52,15.53,15.54,15.55,72,113,153,643,464,15.45,15.44,15.43,15.42,15.41,241,320,458,300,51,0
2007-01-15 9:48:40,15.45,141,217264,15.46,15.48,15.5,15.51,15.52,1,18,49,72,113,15.45,15.44,15.43,15.42,15.41,133,320,458,300,51,0
2007-01-15 9:48:45,15.46,283,437496,15.47,15.48,15.5,15.51,15.52,20,138,71,72,113,15.46,15.45,15.44,15.43,15.42,1131,103,320,458,300,0
2007-01-15 9:48:51,15.46,188,290808,15.47,15.48,15.49,15.5,15.51,20,440,8,71,72,15.46,15.45,15.44,15.43,15.42,943,105,320,458,300,0
2007-01-15 9:48:54,15.46,130,200208,15.47,15.48,15.49,15.5,15.51,16,520,8,89,72,15.46,15.45,15.44,15.43,15.42,827,114,320,458,300,0
2007-01-15 9:49:1,15.46,232,359120,15.47,15.48,15.49,15.5,15.51,16,522,8,136,72,15.46,15.45,15.44,15.43,15.42,595,201,320,458,305,0
2007-01-15 9:49:4,15.46,24,37112,15.47,15.48,15.49,15.5,15.51,6,526,8,176,72,15.46,15.45,15.44,15.43,15.42,581,201,320,458,305,0
2007-01-15 9:49:10,15.47,22,34024,15.48,15.49,15.5,15.51,15.52,536,88,177,72,118,15.47,15.46,15.45,15.44,15.43,10,578,201,320,458,0
2007-01-15 9:49:15,15.48,225,347872,15.48,15.49,15.5,15.51,15.52,596,88,177,72,118,15.47,15.46,15.45,15.44,15.43,13,367,311,320,458,1
2007-01-15 9:49:21,15.46,195,301824,15.48,15.49,15.5,15.51,15.52,566,88,177,72,118,15.46,15.45,15.44,15.43,15.42,280,334,320,458,476,0
2007-01-15 9:49:25,15.46,914,1414016,15.46,15.48,15.49,15.5,15.51,405,37,88,177,72,15.45,15.44,15.43,15.42,15.41,308,320,458,476,74,1
2007-01-15 9:49:31,15.46,62,95832,15.46,15.47,15.48,15.49,15.5,368,3,47,88,300,15.45,15.44,15.43,15.42,15.41,290,320,458,476,74,1
2007-01-15 9:49:34,15.46,22,33544,15.46,15.47,15.48,15.49,15.5,380,43,47,88,378,15.45,15.44,15.43,15.42,15.41,258,320,458,476,74,1
2007-01-15 9:49:40,15.45,182,280440,15.46,15.47,15.48,15.49,15.5,384,106,83,88,611,15.45,15.44,15.43,15.42,15.41,86,320,458,476,74,0
2007-01-15 9:49:44,15.45,78,120512,15.46,15.47,15.48,15.49,15.5,387,106,83,88,622,15.45,15.44,15.43,15.42,15.41,8,620,458,776,74,0
2007-01-15 9:49:52,15.45,128,198416,15.45,15.46,15.47,15.48,15.49,350,332,106,114,88,15.44,15.43,15.42,15.41,15.4,620,458,776,74,1379,1
2007-01-15 9:49:55,15.45,78,120496,15.45,15.46,15.47,15.48,15.49,334,332,108,109,88,15.44,15.43,15.42,15.41,15.4,610,458,776,74,1379,1
2007-01-15 9:50:1,15.45,0,0,15.45,15.46,15.47,15.48,15.49,353,339,104,117,88,15.44,15.43,15.42,15.41,15.4,610,458,776,74,1379,1
2007-01-15 9:50:5,15.45,63,97336,15.45,15.46,15.47,15.48,15.49,546,339,104,117,88,15.44,15.43,15.42,15.41,15.4,610,458,776,74,1429,1
2007-01-15 9:50:10,15.42,1858,2867776,15.44,15.45,15.46,15.47,15.48,7,206,341,114,127,15.42,15.41,15.4,15.39,15.38,341,574,1429,10,165,0
2007-01-15 9:50:16,15.44,16,24944,15.44,15.45,15.46,15.47,15.48,1258,278,345,114,96,15.42,15.41,15.4,15.39,15.38,341,585,1425,10,165,1
2007-01-15 9:50:22,15.44,309,477088,15.44,15.45,15.46,15.47,15.48,997,285,424,114,99,15.42,15.41,15.4,15.39,15.38,352,585,1425,60,165,1
2007-01-15 9:50:26,15.42,134,206720,15.44,15.45,15.46,15.47,15.48,1038,305,424,114,99,15.42,15.41,15.4,15.39,15.38,268,585,1425,60,165,0
2007-01-15 9:50:32,15.44,1622,2499264,15.44,15.45,15.46,15.47,15.48,1045,332,417,111,149,15.4,15.39,15.38,15.37,15.36,726,60,165,560,63,1
2007-01-15 9:50:36,15.41,55,84736,15.41,15.42,15.44,15.45,15.46,21,355,1085,387,413,15.4,15.39,15.38,15.37,15.36,763,50,165,560,63,1
2007-01-15 9:50:41,15.4,7,10784,15.41,15.42,15.43,15.44,15.45,15,455,160,1111,394,15.4,15.39,15.38,15.37,15.36,762,50,165,560,63,0
2007-01-15 9:50:45,15.41,50,77280,15.41,15.42,15.43,15.44,15.45,4,551,180,1147,404,15.4,15.39,15.38,15.37,15.36,725,50,165,560,63,1
2007-01-15 9:50:51,15.4,71,109328,15.41,15.42,15.43,15.44,15.45,104,618,240,1150,424,15.4,15.39,15.38,15.37,15.36,654,50,165,560,63,0
2007-01-15 9:50:55,15.4,566,872000,15.41,15.42,15.43,15.44,15.45,32,668,240,1197,414,15.4,15.39,15.38,15.37,15.36,435,50,1165,560,63,0
2007-01-15 9:51:0,15.4,945,1455776,15.4,15.41,15.42,15.43,15.44,64,202,230,240,1207,15.39,15.38,15.37,15.36,15.35,150,1161,560,63,92,1
2007-01-15 9:51:5,15.4,25,38496,15.4,15.41,15.42,15.43,15.44,547,202,239,248,703,15.39,15.38,15.37,15.36,15.35,142,1161,560,63,92,1
2007-01-15 9:51:11,15.4,13,20016,15.4,15.41,15.42,15.43,15.44,1298,207,250,248,416,15.39,15.38,15.37,15.36,15.35,142,1167,560,63,92,1
2007-01-15 9:51:14,15.4,50,76960,15.4,15.41,15.42,15.43,15.44,1703,239,269,258,416,15.39,15.38,15.37,15.36,15.35,99,1167,560,63,92,1
2007-01-15 9:51:21,15.4,1244,1914048,15.4,15.41,15.42,15.43,15.44,1738,245,245,258,386,15.38,15.37,15.36,15.35,15.34,965,560,363,92,304,1
2007-01-15 9:51:26,15.37,1006,1547072,15.38,15.39,15.4,15.41,15.42,166,388,1854,250,228,15.37,15.36,15.35,15.34,15.33,539,363,92,304,20,0
2007-01-15 9:51:32,15.37,106,163008,15.38,15.39,15.4,15.41,15.42,798,719,1862,250,230,15.37,15.36,15.35,15.34,15.33,523,363,92,304,20,0
2007-01-15 9:51:36,15.37,97,149184,15.38,15.39,15.4,15.41,15.42,714,842,1880,238,224,15.37,15.36,15.35,15.34,15.33,520,363,97,304,20,0
2007-01-15 9:51:41,15.37,124,190624,15.38,15.39,15.4,15.41,15.42,687,863,2133,241,224,15.37,15.36,15.35,15.34,15.33,926,363,97,304,20,0
2007-01-15 9:51:44,15.37,120,184432,15.38,15.39,15.4,15.41,15.42,687,568,2124,241,224,15.37,15.36,15.35,15.34,15.33,806,363,97,300,20,0
2007-01-15 9:51:50,15.37,418,643184,15.38,15.39,15.4,15.41,15.42,589,571,2147,241,229,15.37,15.36,15.35,15.34,15.33,488,367,97,300,20,0
2007-01-15 9:51:54,15.37,347,533344,15.38,15.39,15.4,15.41,15.42,610,567,2106,241,229,15.37,15.36,15.35,15.34,15.33,151,367,97,300,20,0
2007-01-15 9:52:1,15.36,364,558896,15.37,15.38,15.39,15.4,15.41,118,614,567,2151,241,15.36,15.35,15.34,15.33,15.32,247,597,300,20,323,0
2007-01-15 9:52:3,15.36,33,50688,15.37,15.38,15.39,15.4,15.41,354,644,695,2151,236,15.36,15.35,15.34,15.33,15.32,214,707,300,20,373,0
2007-01-15 9:52:11,15.37,61,93712,15.37,15.38,15.39,15.4,15.41,566,646,684,2151,236,15.36,15.35,15.34,15.33,15.32,169,707,300,20,373,1
2007-01-15 9:52:14,15.36,179,274960,15.37,15.38,15.39,15.4,15.41,782,691,684,2121,236,15.35,15.34,15.32,15.31,15.3,707,300,373,60,851,0
2007-01-15 9:52:21,15.36,620,951696,15.36,15.37,15.38,15.39,15.4,15,889,694,695,1724,15.35,15.34,15.33,15.32,15.31,90,300,2,373,60,1
2007-01-15 9:52:25,15.36,29,44528,15.36,15.37,15.38,15.39,15.4,169,1024,694,695,1708,15.35,15.34,15.33,15.32,15.31,70,300,17,373,60,1
2007-01-15 9:52:33,15.35,674,1035584,15.35,15.36,15.37,15.38,15.39,6,8,671,689,695,15.34,15.33,15.32,15.31,15.3,300,18,383,60,989,1
2007-01-15 9:52:37,15.34,110,168864,15.35,15.36,15.37,15.38,15.39,49,54,680,351,685,15.34,15.33,15.32,15.31,15.3,260,18,383,60,1146,0
2007-01-15 9:52:42,15.31,663,1016256,15.32,15.35,15.36,15.37,15.38,851,556,117,687,351,15.31,15.3,15.28,15.27,15.26,58,1148,394,7,286,0
2007-01-15 9:52:44,15.31,133,203712,15.32,15.34,15.35,15.36,15.37,753,10,724,242,681,15.31,15.3,15.28,15.27,15.26,23,1153,394,7,286,0
2007-01-15 9:52:51,15.32,93,142464,15.32,15.34,15.35,15.36,15.37,683,173,826,282,664,15.3,15.28,15.27,15.26,15.25,1219,394,7,286,115,1
2007-01-15 9:52:56,15.31,126,193024,15.32,15.34,15.35,15.36,15.37,560,213,856,293,656,15.31,15.3,15.28,15.27,15.26,17,1219,394,7,286,0
2007-01-15 9:53:2,15.3,556,850704,15.31,15.32,15.34,15.35,15.36,97,560,235,878,319,15.3,15.28,15.27,15.26,15.25,527,394,7,286,115,0
2007-01-15 9:53:5,15.24,1618,2471904,15.3,15.31,15.32,15.34,15.35,15,155,580,224,936,15.24,15.22,15.21,15.2,15.18,82,300,84,549,38,0
2007-01-15 9:53:10,15.3,266,407072,15.3,15.31,15.32,15.34,15.35,2345,280,624,304,971,15.25,15.24,15.22,15.21,15.2,1,82,300,114,549,1
2007-01-15 9:53:15,15.3,48,73376,15.3,15.31,15.32,15.33,15.34,3420,386,642,18,304,15.24,15.22,15.21,15.2,15.18,73,300,114,549,38,1
2007-01-15 9:53:21,15.3,59,90768,15.3,15.31,15.32,15.33,15.34,3529,528,662,18,204,15.24,15.22,15.21,15.2,15.18,39,300,114,589,38,1
2007-01-15 9:53:24,15.24,36,54912,15.25,15.29,15.3,15.31,15.32,4,49,2810,653,662,15.24,15.22,15.21,15.2,15.18,24,300,114,589,48,0
2007-01-15 9:53:32,15.25,326,498096,15.29,15.3,15.31,15.32,15.33,20,2912,598,662,318,15.25,15.22,15.21,15.2,15.18,12,296,114,604,414,0
2007-01-15 9:53:35,15.24,36,54912,15.24,15.26,15.29,15.3,15.31,63,10,27,2895,585,15.22,15.21,15.2,15.18,15.16,296,114,654,419,215,1
2007-01-15 9:53:41,15.22,299,455792,15.24,15.26,15.29,15.3,15.31,244,10,51,2957,583,15.22,15.21,15.2,15.18,15.16,41,114,656,419,215,0
2007-01-15 9:53:44,15.24,118,179696,15.24,15.25,15.26,15.29,15.3,389,61,10,61,3035,15.21,15.2,15.18,15.16,15.15,594,837,424,215,25,1
2007-01-15 9:53:51,15.22,120,182816,15.22,15.24,15.25,15.26,15.29,61,336,61,10,61,15.21,15.2,15.18,15.16,15.15,589,840,424,215,25,1
2007-01-15 9:53:56,15.21,36,54784,15.22,15.24,15.25,15.26,15.28,128,421,81,10,25,15.21,15.2,15.18,15.16,15.15,656,840,424,215,25,0
2007-01-15 9:54:2,15.22,101,153632,15.22,15.23,15.24,15.25,15.26,273,2,515,84,10,15.21,15.2,15.18,15.16,15.15,568,845,424,215,20,1
2007-01-15 9:54:5,15.22,602,915328,15.24,15.25,15.28,15.29,15.3,528,84,75,171,2993,15.22,15.21,15.2,15.18,15.16,116,378,945,427,215,0
2007-01-15 9:54:12,15.21,124,188736,15.22,15.24,15.25,15.28,15.29,9,523,84,75,188,15.21,15.2,15.18,15.16,15.15,375,945,427,215,37,0
2007-01-15 9:54:15,15.21,418,636736,15.24,15.25,15.28,15.29,15.3,430,94,75,188,4352,15.21,15.2,15.18,15.16,15.15,116,991,427,220,339,0
2007-01-15 9:54:22,15.22,142,216128,15.24,15.25,15.28,15.29,15.3,449,94,75,188,4352,15.22,15.21,15.2,15.18,15.16,144,110,991,440,220,0
2007-01-15 9:54:25,15.21,512,779408,15.21,15.22,15.24,15.25,15.28,162,21,512,71,75,15.2,15.18,15.16,15.15,15.14,911,441,220,339,220,1
2007-01-15 9:54:31,15.21,376,571840,15.21,15.22,15.24,15.25,15.28,345,35,532,195,78,15.2,15.18,15.16,15.15,15.14,858,441,220,369,220,1
2007-01-15 9:54:37,15.2,131,198864,15.21,15.22,15.23,15.24,15.25,444,99,20,532,195,15.2,15.18,15.16,15.15,15.14,658,441,220,369,220,0
2007-01-15 9:54:41,15.2,584,888224,15.21,15.22,15.23,15.24,15.25,56,130,40,552,195,15.2,15.18,15.16,15.15,15.14,623,461,230,369,220,0
2007-01-15 9:54:45,15.21,444,675728,15.21,15.22,15.23,15.24,15.25,338,130,40,547,201,15.2,15.18,15.16,15.15,15.14,264,461,230,369,224,1
2007-01-15 9:54:52,15.19,356,540544,15.19,15.2,15.21,15.22,15.23,250,323,573,139,40,15.18,15.16,15.15,15.14,15.13,444,245,369,224,5,1
2007-01-15 9:54:54,15.19,111,168608,15.19,15.2,15.21,15.22,15.23,149,403,604,182,52,15.18,15.16,15.15,15.14,15.13,434,245,369,224,5,1
2007-01-15 9:55:1,15.19,32,48608,15.19,15.2,15.21,15.22,15.23,122,725,625,182,58,15.18,15.16,15.15,15.14,15.13,439,288,372,224,5,1
2007-01-15 9:55:5,15.2,185,280960,15.2,15.21,15.22,15.23,15.24,816,636,184,58,510,15.18,15.16,15.15,15.14,15.13,383,288,372,224,5,1
2007-01-15 9:55:11,15.19,480,728992,15.2,15.21,15.22,15.23,15.24,751,646,175,44,510,15.19,15.18,15.16,15.15,15.14,75,114,288,372,224,0
2007-01-15 9:55:14,15.15,859,1302320,15.15,15.17,15.18,15.2,15.21,219,5,112,812,644,15.14,15.13,15.12,15.11,15.1,224,15,240,5,393,1
2007-01-15 9:55:20,15.15,71,107568,15.15,15.17,15.18,15.19,15.2,148,5,772,20,802,15.14,15.13,15.12,15.11,15.1,224,15,240,5,396,1
2007-01-15 9:55:24,15.15,81,122656,15.15,15.17,15.18,15.19,15.2,122,5,967,40,1038,15.14,15.13,15.12,15.11,15.1,169,15,240,5,396,1
2007-01-15 9:55:31,15.18,542,822368,15.18,15.19,15.2,15.21,15.22,638,103,1001,662,152,15.14,15.13,15.12,15.11,15.1,166,15,240,2,396,1
2007-01-15 9:55:37,15.15,115,174240,15.15,15.18,15.19,15.2,15.21,37,709,106,1004,511,15.14,15.13,15.12,15.11,15.1,161,32,240,2,393,1
2007-01-15 9:55:41,15.14,213,322528,15.14,15.15,15.17,15.18,15.19,124,37,4,722,166,15.13,15.12,15.11,15.1,15.09,62,238,37,440,7,1
2007-01-15 9:55:46,15.15,431,653152,15.18,15.19,15.2,15.21,15.22,551,166,1086,512,155,15.15,15.13,15.12,15.11,15.1,6,49,238,113,445,0
2007-01-15 9:55:51,15.15,360,545488,15.18,15.19,15.2,15.21,15.22,368,171,1109,512,155,15.15,15.13,15.12,15.11,15.1,441,44,238,129,479,0
2007-01-15 9:55:55,15.15,224,339408,15.18,15.19,15.2,15.21,15.22,403,171,1115,502,159,15.15,15.14,15.13,15.12,15.11,337,8,44,238,209,0
2007-01-15 9:56:1,15.15,360,545408,15.17,15.18,15.19,15.2,15.21,15,434,148,1119,405,15.15,15.14,15.13,15.12,15.11,228,18,44,238,219,0
2007-01-15 9:56:5,15.14,517,782224,15.14,15.15,15.17,15.18,15.19,64,10,13,460,148,15.12,15.11,15.1,15.09,15.08,99,244,510,7,395,1
2007-01-15 9:56:11,15.13,323,489072,15.13,15.14,15.15,15.17,15.18,504,28,84,39,460,15.12,15.11,15.1,15.09,15.08,98,244,562,7,395,1
2007-01-15 9:56:16,15.11,176,266144,15.13,15.14,15.15,15.17,15.18,444,38,183,59,460,15.11,15.1,15.09,15.08,15.07,223,562,7,395,8,0
2007-01-15 9:56:20,15.12,67,101296,15.12,15.13,15.14,15.15,15.17,6,433,61,289,59,15.11,15.1,15.09,15.08,15.07,228,565,7,380,8,1
2007-01-15 9:56:28,15.11,249,376272,15.13,15.14,15.15,15.17,15.18,432,66,303,59,502,15.11,15.1,15.09,15.08,15.07,76,565,7,350,8,0
2007-01-15 9:56:32,15.15,711,1075872,15.15,15.17,15.18,15.19,15.2,334,59,502,67,931,15.13,15.1,15.09,15.08,15.07,277,561,7,350,8,1
2007-01-15 9:56:36,15.14,323,489472,15.14,15.15,15.17,15.18,15.19,0,526,59,502,67,15.13,15.12,15.11,15.1,15.09,411,3,26,561,12,1
2007-01-15 9:56:41,15.1,1094,1653520,15.1,15.11,15.14,15.15,15.17,446,108,17,518,59,15.09,15.08,15.07,15.06,15.05,12,350,13,325,42,1
2007-01-15 9:56:44,15.1,45,67952,15.1,15.11,15.12,15.13,15.14,447,223,124,50,17,15.09,15.08,15.07,15.06,15.05,11,350,13,327,42,1
2007-01-15 9:56:50,15.11,787,1188032,15.12,15.13,15.14,15.15,15.17,124,76,44,519,29,15.11,15.08,15.07,15.06,15.05,455,316,13,327,42,0
2007-01-15 9:56:55,15.11,6,9056,15.12,15.13,15.14,15.15,15.17,140,176,61,527,29,15.11,15.1,15.08,15.07,15.06,449,10,326,13,327,0
2007-01-15 9:57:0,15.11,105,158448,15.12,15.13,15.14,15.15,15.17,138,355,67,604,43,15.11,15.1,15.08,15.07,15.06,354,84,326,33,329,0
2007-01-15 9:57:5,15.11,374,565888,15.11,15.12,15.13,15.14,15.15,82,142,355,63,634,15.1,15.09,15.08,15.07,15.06,594,10,326,33,329,1
2007-01-15 9:57:12,15.1,481,726480,15.11,15.12,15.13,15.14,15.15,60,164,368,63,634,15.1,15.09,15.08,15.07,15.06,297,13,326,58,329,0
2007-01-15 9:57:15,15.1,230,347312,15.11,15.12,15.13,15.14,15.15,286,78,368,73,766,15.1,15.09,15.08,15.07,15.06,298,13,326,58,329,0
2007-01-15 9:57:21,15.1,255,385120,15.11,15.12,15.13,15.14,15.15,364,355,368,87,780,15.1,15.09,15.08,15.07,15.06,162,18,326,113,329,0
2007-01-15 9:57:24,15.1,237,358000,15.11,15.12,15.13,15.14,15.15,311,382,368,97,757,15.1,15.09,15.08,15.07,15.06,25,18,326,113,329,0
2007-01-15 9:57:32,15.1,75,113504,15.1,15.11,15.12,15.13,15.14,46,379,392,307,97,15.09,15.08,15.07,15.06,15.05,7,331,113,329,49,1
2007-01-15 9:57:36,15.1,336,507008,15.11,15.12,15.13,15.14,15.15,375,392,307,97,757,15.1,15.08,15.07,15.06,15.05,373,305,113,329,49,0
2007-01-15 9:57:42,15.1,198,298976,15.11,15.12,15.13,15.14,15.15,388,417,307,97,757,15.1,15.09,15.08,15.07,15.06,198,100,355,113,329,0
2007-01-15 9:57:45,15.1,229,345184,15.1,15.11,15.12,15.13,15.14,153,404,425,315,97,15.09,15.08,15.07,15.06,15.05,92,362,113,329,49,1
2007-01-15 9:57:51,15.09,67,101136,15.1,15.11,15.12,15.13,15.14,149,404,425,315,97,15.09,15.08,15.07,15.06,15.05,680,392,113,329,52,0
2007-01-15 9:57:55,15.09,608,918656,15.1,15.11,15.12,15.13,15.14,4,397,148,211,97,15.09,15.08,15.07,15.06,15.05,626,445,113,329,102,0
2007-01-15 9:58:1,15.1,133,200880,15.11,15.12,15.13,15.14,15.15,342,148,211,97,745,15.1,15.09,15.08,15.07,15.06,34,641,465,113,332,0
2007-01-15 9:58:7,15.09,443,669280,15.1,15.11,15.12,15.13,15.14,43,286,148,111,97,15.09,15.08,15.07,15.06,15.05,327,465,113,332,112,0
2007-01-15 9:58:12,15.08,426,642832,15.1,15.11,15.12,15.13,15.14,558,311,148,111,97,15.08,15.07,15.06,15.05,15.04,423,113,332,112,300,0
2007-01-15 9:58:15,15.06,860,1297056,15.08,15.09,15.1,15.11,15.12,303,25,303,311,148,15.06,15.05,15.04,15.03,15.02,330,117,300,11,514,0
2007-01-15 9:58:21,15.06,143,215632,15.08,15.09,15.1,15.11,15.12,169,187,2834,316,148,15.06,15.05,15.04,15.03,15.02,324,122,300,11,519,0
2007-01-15 9:58:27,15.08,48,72320,15.07,15.08,15.09,15.1,15.11,17,177,206,2955,316,15.06,15.05,15.04,15.03,15.02,289,122,300,11,619,0
2007-01-15 9:58:32,15.08,199,299760,15.09,15.1,15.11,15.12,15.13,264,3085,296,148,91,15.08,15.06,15.05,15.04,15.03,313,284,122,300,16,0
2007-01-15 9:58:37,15.07,933,1407600,15.08,15.09,15.1,15.11,15.12,10,5,2934,296,149,15.07,15.06,15.05,15.04,15.03,184,245,141,300,15,0
2007-01-15 9:58:41,15.04,829,1248096,15.05,15.06,15.08,15.09,15.1,2,512,1,240,2944,15.04,15.03,15.02,15.01,15,83,25,619,451,1367,0
2007-01-15 9:58:44,15.08,1728,2606432,15.08,15.1,15.11,15.12,15.13,38,2109,296,148,66,15.07,15.04,15.03,15.02,15.01,61,88,38,622,498,1
2007-01-15 9:58:50,15.04,188,283296,15.09,15.1,15.11,15.12,15.13,38,2104,296,148,66,15.04,15.03,15.02,15.01,15,64,38,622,498,1358,0
2007-01-15 9:58:54,15.08,159,239680,15.09,15.1,15.11,15.12,15.13,90,2117,301,148,66,15.08,15.05,15.04,15.03,15.02,81,10,59,38,623,0
2007-01-15 9:59:1,15.1,903,1363728,15.11,15.12,15.13,15.14,15.15,301,148,66,97,642,15.1,15.09,15.08,15.06,15.05,1280,9,38,4,118,0
2007-01-15 9:59:4,15.1,305,461152,15.11,15.12,15.13,15.14,15.15,301,148,66,97,641,15.1,15.09,15.08,15.06,15.05,974,9,39,4,118,0
2007-01-15 9:59:12,15.1,145,218272,15.11,15.12,15.13,15.14,15.15,301,148,66,97,650,15.1,15.09,15.08,15.06,15.05,830,116,56,4,168,0
2007-01-15 9:59:14,15.1,135,203248,15.11,15.12,15.13,15.14,15.15,301,147,66,97,650,15.1,15.09,15.08,15.06,15.05,798,136,76,4,62,0
2007-01-15 9:59:21,15.1,136,206128,15.11,15.12,15.13,15.14,15.15,294,147,66,97,660,15.1,15.09,15.08,15.06,15.05,675,33,106,4,72,0
2007-01-15 9:59:25,15.11,487,735040,15.12,15.13,15.14,15.15,15.17,147,66,97,660,27,15.11,15.1,15.09,15.08,15.06,605,515,36,111,35,0
2007-01-15 9:59:32,15.12,71,107280,15.12,15.13,15.14,15.15,15.17,142,66,97,669,27,15.11,15.1,15.09,15.08,15.07,974,725,19,111,34,1
2007-01-15 9:59:35,15.11,662,1000736,15.12,15.13,15.14,15.15,15.17,142,66,80,669,27,15.11,15.1,15.09,15.08,15.07,537,780,19,101,34,0
2007-01-15 9:59:42,15.12,258,390704,15.13,15.14,15.15,15.17,15.18,51,80,669,27,705,15.12,15.11,15.1,15.09,15.08,623,703,809,19,80,0
2007-01-15 9:59:45,15.15,878,1329856,15.17,15.18,15.19,15.2,15.21,24,705,14,791,349,15.15,15.12,15.11,15.1,15.09,2146,1298,593,809,109,0
2007-01-15 9:59:51,15.15,19,28784,15.17,15.18,15.19,15.2,15.21,23,705,14,792,349,15.15,15.13,15.12,15.11,15.1,2128,20,1617,690,869,0
2007-01-15 9:59:54,15.15,86,130288,15.17,15.18,15.19,15.2,15.21,23,705,14,792,349,15.15,15.13,15.12,15.11,15.1,2042,20,1563,698,874,0
2007-01-15 10:0:0,15.18,106,160768,15.18,15.19,15.2,15.21,15.22,658,14,762,349,112,15.17,15.15,15.13,15.12,15.11,50,2515,15,1606,696,1
2007-01-15 10:0:5,15.18,101,153248,15.18,15.19,15.2,15.21,15.22,630,14,762,339,112,15.17,15.16,15.15,15.13,15.12,57,3,2525,15,1441,1
2007-01-15 10:0:12,15.2,1462,2220352,15.21,15.22,15.23,15.24,15.25,339,112,35,327,83,15.2,15.18,15.17,15.16,15.15,76,240,461,3,2525,0
2007-01-15 10:0:15,15.2,71,108448,15.21,15.22,15.23,15.24,15.25,339,112,35,327,83,15.2,15.19,15.18,15.17,15.16,25,5,634,407,40,0
2007-01-15 10:0:22,15.17,1157,1755424,15.2,15.21,15.22,15.23,15.24,4,139,112,35,327,15.17,15.16,15.15,15.13,15.12,3,40,2525,199,1446,0
2007-01-15 10:0:24,15.2,405,616096,15.24,15.25,15.28,15.29,15.3,306,83,56,206,2046,15.21,15.2,15.18,15.17,15.16,5,370,391,125,40,0
2007-01-15 10:0:31,15.21,90,137472,15.24,15.25,15.28,15.29,15.3,286,83,56,206,2056,15.21,15.2,15.18,15.17,15.16,60,425,439,125,40,0
2007-01-15 10:0:34,15.25,422,643824,15.28,15.29,15.3,15.31,15.32,56,206,2056,255,565,15.25,15.24,15.21,15.2,15.18,1,10,70,430,439,0
2007-01-15 10:0:41,15.21,30,44896,15.23,15.28,15.29,15.3,15.31,462,56,206,2056,255,15.21,15.2,15.18,15.17,15.16,292,433,441,142,70,0
2007-01-15 10:0:45,15.23,114,172944,15.23,15.27,15.28,15.29,15.3,460,470,56,206,2056,15.21,15.2,15.18,15.17,15.16,522,453,441,180,55,1
2007-01-15 10:0:52,15.21,328,498896,15.23,15.27,15.28,15.29,15.3,460,470,55,316,2066,15.21,15.2,15.18,15.17,15.16,210,528,398,182,55,0
2007-01-15 10:0:53,15.21,95,144320,15.23,15.27,15.28,15.29,15.3,394,470,85,329,2066,15.21,15.2,15.18,15.17,15.16,191,553,450,182,55,0
2007-01-15 10:1:1,15.23,417,635056,15.27,15.28,15.29,15.3,15.31,470,85,329,2140,245,15.23,15.21,15.2,15.18,15.17,9,168,559,450,182,0
2007-01-15 10:1:4,15.23,55,83792,15.27,15.28,15.29,15.3,15.31,470,85,329,2202,245,15.23,15.22,15.21,15.2,15.18,124,5,184,559,450,0
2007-01-15 10:1:10,15.23,498,758704,15.27,15.28,15.29,15.3,15.31,470,566,329,2202,245,15.25,15.23,15.21,15.2,15.18,20,254,235,559,450,0
2007-01-15 10:1:15,15.23,34,51488,15.26,15.27,15.28,15.29,15.3,3,470,566,329,2192,15.24,15.23,15.22,15.21,15.2,10,651,5,235,579,0
2007-01-15 10:1:21,15.25,33,49904,15.25,15.26,15.27,15.28,15.29,47,431,470,666,339,15.23,15.22,15.21,15.2,15.18,634,26,235,599,450,1
2007-01-15 10:1:25,15.25,36,54384,15.25,15.26,15.27,15.28,15.29,72,441,470,681,312,15.23,15.22,15.21,15.2,15.18,604,36,296,596,510,1
2007-01-15 10:1:32,15.23,261,397536,15.24,15.25,15.26,15.27,15.28,685,67,546,470,681,15.23,15.22,15.21,15.2,15.18,164,36,290,596,188,0
2007-01-15 10:1:36,15.24,113,172320,15.24,15.25,15.26,15.27,15.28,614,98,549,470,681,15.23,15.22,15.21,15.2,15.18,122,15,290,596,188,1
2007-01-15 10:1:43,15.24,153,233152,15.24,15.25,15.26,15.27,15.28,486,633,549,470,681,15.23,15.22,15.21,15.2,15.18,98,15,290,570,196,1
2007-01-15 10:1:45,15.24,360,549360,15.24,15.25,15.26,15.27,15.28,167,657,549,470,681,15.23,15.22,15.21,15.2,15.18,70,15,290,635,201,1
2007-01-15 10:1:53,15.24,104,158496,15.24,15.25,15.26,15.27,15.28,64,657,549,470,681,15.23,15.22,15.21,15.2,15.18,69,16,290,635,211,1
2007-01-15 10:1:56,15.24,69,105120,15.24,15.25,15.26,15.27,15.28,40,661,549,470,1681,15.23,15.22,15.21,15.2,15.18,18,16,290,635,231,1
2007-01-15 10:2:1,15.24,77,116736,15.25,15.26,15.28,15.29,15.3,666,121,1691,327,2226,15.24,15.23,15.22,15.21,15.2,24,23,43,609,635,0
2007-01-15 10:2:3,15.25,753,1147744,15.26,15.28,15.29,15.3,15.31,121,1691,327,2226,245,15.25,15.24,15.23,15.22,15.21,15,10,34,42,609,0
2007-01-15 10:2:12,15.23,542,825744,15.23,15.26,15.28,15.29,15.3,413,121,1691,327,2226,15.22,15.21,15.2,15.18,15.17,42,609,635,236,180,1
2007-01-15 10:2:15,15.24,453,689376,15.26,15.28,15.29,15.3,15.31,118,1691,327,2238,245,15.24,15.22,15.21,15.2,15.18,6,240,809,835,236,0
2007-01-15 10:2:20,15.23,60,90672,15.24,15.26,15.28,15.29,15.3,1,113,1691,327,2238,15.23,15.22,15.21,15.2,15.18,37,240,809,840,236,0
2007-01-15 10:2:26,15.23,16,24368,15.26,15.28,15.29,15.3,15.31,113,1691,277,2236,245,15.23,15.22,15.21,15.2,15.18,55,240,748,840,236,0
2007-01-15 10:2:31,15.24,114,173920,15.25,15.26,15.28,15.29,15.3,4,334,1641,275,2239,15.24,15.23,15.22,15.21,15.2,75,97,240,748,852,0
2007-01-15 10:2:36,15.24,42,64048,15.26,15.28,15.29,15.3,15.31,331,1641,275,2239,235,15.24,15.23,15.22,15.21,15.2,64,97,240,748,952,0
2007-01-15 10:2:44,15.24,67,102112,15.25,15.26,15.28,15.29,15.3,53,331,1641,275,2239,15.24,15.23,15.22,15.21,15.2,121,105,240,748,592,0
2007-01-15 10:2:46,15.24,56,85344,15.25,15.26,15.28,15.29,15.3,62,331,1641,275,2239,15.24,15.23,15.22,15.21,15.2,175,105,290,738,598,0
2007-01-15 10:2:50,15.24,46,70416,15.25,15.26,15.28,15.29,15.3,60,331,1641,265,2239,15.24,15.23,15.22,15.21,15.2,142,105,293,741,584,0
2007-01-15 10:2:54,15.24,90,137936,15.25,15.26,15.27,15.28,15.29,156,331,100,1641,275,15.24,15.23,15.22,15.21,15.2,65,105,293,741,584,0
2007-01-15 10:3:0,15.25,227,346144,15.26,15.27,15.28,15.29,15.3,323,100,1541,274,2261,15.25,15.24,15.23,15.22,15.21,27,81,105,293,741,0
2007-01-15 10:3:3,15.24,126,192096,15.25,15.26,15.27,15.28,15.29,358,323,100,1541,285,15.24,15.23,15.22,15.21,15.2,47,105,293,738,614,0
2007-01-15 10:3:12,15.24,15,22448,15.25,15.26,15.27,15.28,15.29,358,327,100,1541,285,15.24,15.23,15.22,15.21,15.2,33,105,293,728,614,0
2007-01-15 10:3:14,15.24,74,112016,15.25,15.26,15.27,15.28,15.29,355,327,108,1541,285,15.24,15.23,15.22,15.21,15.2,19,105,293,728,614,0
2007-01-15 10:3:20,15.25,257,391872,15.25,15.26,15.27,15.28,15.29,137,327,108,1541,285,15.23,15.22,15.21,15.2,15.18,293,293,728,618,236,1
2007-01-15 10:3:24,15.23,148,225408,15.24,15.25,15.26,15.27,15.28,281,146,345,108,1541,15.23,15.22,15.21,15.2,15.18,153,293,728,628,236,0
2007-01-15 10:3:31,15.24,30,45728,15.24,15.25,15.26,15.27,15.28,264,151,356,108,1541,15.23,15.22,15.21,15.2,15.18,153,293,728,628,236,1
2007-01-15 10:3:33,15.23,300,457152,15.24,15.25,15.26,15.27,15.28,23,201,356,108,1541,15.23,15.22,15.21,15.2,15.18,113,293,728,628,236,0
2007-01-15 10:3:42,15.23,143,217728,15.23,15.24,15.25,15.26,15.27,167,33,204,356,108,15.22,15.21,15.2,15.18,15.17,293,728,668,236,175,1
2007-01-15 10:3:45,15.22,248,377664,15.23,15.24,15.25,15.26,15.27,54,24,260,356,108,15.22,15.21,15.2,15.18,15.17,245,728,668,236,175,0
2007-01-15 10:3:51,15.23,20,30464,15.23,15.24,15.25,15.26,15.27,44,24,314,352,108,15.22,15.21,15.2,15.18,15.17,245,728,668,236,175,1
2007-01-15 10:3:55,15.22,108,164464,15.24,15.25,15.26,15.27,15.28,80,324,352,108,1551,15.22,15.21,15.2,15.18,15.17,207,728,766,236,175,0
2007-01-15 10:4:1,15.22,334,508512,15.22,15.24,15.25,15.26,15.27,502,24,344,352,108,15.21,15.2,15.18,15.17,15.16,728,767,236,175,38,1
2007-01-15 10:4:12,15.22,65,98912,15.22,15.23,15.24,15.25,15.26,463,30,114,404,352,15.21,15.2,15.18,15.17,15.16,719,767,236,175,38,1
2007-01-15 10:4:16,15.22,120,182640,15.22,15.23,15.24,15.25,15.26,367,30,116,414,352,15.21,15.2,15.18,15.17,15.16,707,767,236,175,38,1
2007-01-15 10:4:23,15.21,575,874640,15.22,15.23,15.24,15.25,15.26,296,30,116,414,352,15.21,15.2,15.18,15.17,15.16,283,767,236,175,38,0
2007-01-15 10:4:33,15.2,392,595808,15.21,15.22,15.23,15.24,15.25,236,209,35,116,422,15.2,15.18,15.17,15.16,15.15,697,216,180,38,2046,0
2007-01-15 10:4:34,15.2,49,74496,15.21,15.22,15.23,15.24,15.25,262,223,57,122,422,15.2,15.18,15.17,15.16,15.15,634,216,163,38,2046,0
2007-01-15 10:4:41,15.2,627,953040,15.2,15.21,15.22,15.23,15.24,78,279,238,58,122,15.18,15.17,15.16,15.15,15.13,216,163,38,2046,5,1
2007-01-15 10:4:46,15.2,15,22800,15.2,15.21,15.22,15.23,15.24,181,677,280,59,122,15.18,15.17,15.16,15.15,15.13,170,163,38,2046,5,1
2007-01-15 10:4:51,15.18,42,63776,15.2,15.21,15.22,15.23,15.24,245,475,273,60,122,15.18,15.17,15.16,15.15,15.13,140,163,135,2046,5,0
2007-01-15 10:4:53,15.2,86,130592,15.2,15.21,15.22,15.23,15.24,298,475,273,60,122,15.18,15.17,15.16,15.15,15.13,79,163,135,2046,5,1
2007-01-15 10:5:2,15.18,79,119968,15.2,15.21,15.22,15.23,15.24,391,475,285,60,122,15.18,15.17,15.16,15.15,15.13,19,130,135,2046,5,0
2007-01-15 10:5:3,15.17,26,40224,15.18,15.2,15.21,15.22,15.23,48,532,475,308,60,15.17,15.16,15.15,15.13,15.12,124,135,2041,164,503,0
2007-01-15 10:5:10,15.18,15,22768,15.18,15.2,15.21,15.22,15.23,137,1051,481,308,60,15.17,15.16,15.15,15.13,15.12,119,135,2041,164,503,1
2007-01-15 10:5:15,15.15,730,1106320,15.18,15.2,15.21,15.22,15.23,174,1072,83,308,60,15.15,15.13,15.12,15.11,15.1,1565,164,503,382,1264,0
2007-01-15 10:5:23,15.18,2,3040,15.18,15.2,15.21,15.22,15.23,177,1022,83,294,60,15.16,15.15,15.13,15.12,15.11,215,1565,164,503,382,1
2007-01-15 10:5:32,15.17,19,28816,15.17,15.18,15.2,15.21,15.22,71,199,1028,83,284,15.16,15.15,15.13,15.12,15.11,215,1565,164,503,382,1
2007-01-15 10:5:34,15.17,432,654816,15.17,15.18,15.19,15.2,15.21,71,179,80,1165,77,15.15,15.13,15.12,15.11,15.1,1410,164,503,382,1271,1
2007-01-15 10:5:35,15.15,52,78800,15.17,15.18,15.19,15.2,15.21,74,184,80,1167,77,15.15,15.13,15.12,15.11,15.1,1365,164,503,382,1271,0
2007-01-15 10:5:43,15.16,59,89392,15.16,15.17,15.18,15.19,15.2,63,79,204,80,1180,15.15,15.13,15.12,15.11,15.1,1321,164,503,382,1271,1
2007-01-15 10:5:45,15.16,171,259120,15.16,15.17,15.18,15.19,15.2,1750,148,204,80,1180,15.15,15.13,15.12,15.11,15.1,1203,164,503,382,1271,1
2007-01-15 10:5:52,15.15,186,281184,15.16,15.17,15.18,15.19,15.2,1664,148,214,80,1178,15.15,15.13,15.12,15.11,15.1,1192,164,503,382,1271,0
2007-01-15 10:5:53,15.16,606,918096,15.16,15.17,15.18,15.19,15.2,1662,148,254,80,1194,15.15,15.13,15.12,15.11,15.1,581,5,482,382,1266,1
2007-01-15 10:6:0,15.16,45,68192,15.16,15.17,15.18,15.19,15.2,1641,188,242,80,1203,15.15,15.13,15.12,15.11,15.1,597,5,482,382,1270,1
2007-01-15 10:6:4,15.15,610,924832,15.15,15.16,15.17,15.18,15.19,24,1641,188,242,80,15.13,15.12,15.11,15.1,15.09,5,482,382,1295,1102,1
2007-01-15 10:6:13,15.15,84,127968,15.15,15.16,15.17,15.18,15.19,54,1641,188,242,90,15.13,15.12,15.11,15.1,15.09,16,482,382,1300,1102,1
2007-01-15 10:6:21,15.12,228,344768,15.15,15.16,15.17,15.18,15.19,117,1641,188,242,90,15.12,15.11,15.1,15.09,15.08,274,382,1319,1102,92,0
2007-01-15 10:6:29,15.16,265,402064,15.16,15.17,15.18,15.19,15.2,1644,188,232,90,1243,15.15,15.14,15.13,15.12,15.11,99,150,155,424,532,1
2007-01-15 10:6:32,15.16,171,259200,15.16,15.17,15.18,15.19,15.2,1514,188,232,90,1246,15.15,15.14,15.13,15.12,15.11,58,150,175,424,532,1
2007-01-15 10:6:34,15.16,75,113696,15.16,15.17,15.18,15.19,15.2,1478,188,232,90,1240,15.15,15.14,15.13,15.12,15.11,61,150,175,424,541,1
2007-01-15 10:6:41,15.16,185,280240,15.16,15.17,15.18,15.19,15.2,1428,188,232,90,1245,15.14,15.13,15.12,15.11,15.1,76,190,424,546,1644,1
2007-01-15 10:6:44,15.14,17,25744,15.15,15.16,15.17,15.18,15.19,132,1428,188,234,90,15.14,15.13,15.12,15.11,15.1,64,190,434,546,1702,0
2007-01-15 10:6:51,15.15,62,93920,15.15,15.16,15.17,15.18,15.19,108,1464,188,199,90,15.14,15.13,15.12,15.11,15.1,63,190,434,546,1752,1
2007-01-15 10:6:55,15.15,106,160592,15.15,15.16,15.17,15.18,15.19,76,1464,119,199,90,15.14,15.13,15.12,15.11,15.1,63,190,438,546,1755,1
2007-01-15 10:7:1,15.14,14,21216,15.15,15.16,15.17,15.18,15.19,93,1469,119,199,90,15.14,15.13,15.12,15.11,15.1,62,190,438,546,1755,0
2007-01-15 10:7:3,15.15,143,216592,15.16,15.17,15.18,15.19,15.2,1469,119,199,90,1255,15.15,15.14,15.13,15.12,15.11,102,36,190,438,558,0
2007-01-15 10:7:10,15.15,44,66656,15.16,15.17,15.18,15.19,15.2,1469,119,209,90,1263,15.15,15.14,15.13,15.12,15.11,179,36,190,438,588,0
2007-01-15 10:7:14,15.16,312,472992,15.16,15.17,15.18,15.19,15.2,1157,119,209,90,1273,15.15,15.14,15.13,15.12,15.11,179,14,200,472,635,1
2007-01-15 10:7:20,15.16,27,41136,15.16,15.17,15.18,15.19,15.2,1154,119,197,90,1203,15.15,15.14,15.13,15.12,15.11,161,15,200,472,638,1
2007-01-15 10:7:24,15.12,1850,2801648,15.15,15.16,15.17,15.18,15.19,40,165,119,197,90,15.12,15.11,15.1,15.09,15.08,8,638,1772,1012,102,0
2007-01-15 10:7:32,15.15,149,225408,15.15,15.16,15.17,15.18,15.19,66,175,119,187,90,15.14,15.12,15.11,15.1,15.09,18,2,638,1782,1012,1
2007-01-15 10:7:34,15.15,28,42416,15.15,15.16,15.17,15.18,15.19,38,175,119,187,90,15.14,15.12,15.11,15.1,15.09,48,2,641,1771,1012,1
2007-01-15 10:7:40,15.15,98,149248,15.16,15.17,15.18,15.19,15.2,152,119,187,90,1255,15.15,15.14,15.12,15.11,15.1,46,48,2,641,1796,0
2007-01-15 10:7:46,15.15,5,7584,15.16,15.17,15.18,15.19,15.2,159,119,187,90,1255,15.15,15.14,15.13,15.12,15.11,166,56,20,2,641,0
2007-01-15 10:7:50,15.15,78,117840,15.16,15.17,15.18,15.19,15.2,154,119,187,90,1255,15.15,15.14,15.13,15.12,15.11,167,56,20,3,642,0
2007-01-15 10:7:54,15.15,33,50000,15.16,15.17,15.18,15.19,15.2,148,119,187,90,1265,15.15,15.14,15.13,15.12,15.11,253,56,20,13,677,0
2007-01-15 10:8:1,15.16,171,258752,15.17,15.18,15.19,15.2,15.21,119,187,90,1267,64,15.16,15.15,15.14,15.13,15.12,247,363,56,25,73,0
2007-01-15 10:8:4,15.16,247,374448,15.17,15.18,15.19,15.2,15.21,119,187,90,1242,64,15.16,15.15,15.14,15.13,15.12,46,363,56,225,111,0
2007-01-15 10:8:10,15.15,84,127344,15.17,15.18,15.19,15.2,15.21,119,182,90,1243,64,15.15,15.14,15.13,15.12,15.11,366,56,225,147,677,0
2007-01-15 10:8:13,15.15,33,50368,15.16,15.17,15.18,15.19,15.2,50,93,182,90,1243,15.15,15.14,15.13,15.12,15.11,298,56,225,147,677,0
2007-01-15 10:8:21,15.15,106,160000,15.16,15.17,15.18,15.19,15.2,385,93,182,90,1255,15.15,15.14,15.13,15.12,15.11,207,65,225,227,677,0
2007-01-15 10:8:23,15.16,422,640448,15.17,15.18,15.19,15.2,15.21,83,182,60,1255,64,15.16,15.15,15.14,15.13,15.12,60,312,70,225,227,0
2007-01-15 10:8:31,15.17,83,126288,15.18,15.19,15.2,15.21,15.22,182,360,1238,64,142,15.17,15.16,15.15,15.14,15.13,517,73,313,73,225,0
2007-01-15 10:8:36,15.17,7,10624,15.18,15.19,15.2,15.21,15.22,178,360,1285,64,142,15.17,15.16,15.15,15.14,15.13,510,102,498,73,225,0
2007-01-15 10:8:41,15.17,143,216944,15.18,15.19,15.2,15.21,15.22,158,360,1285,64,142,15.17,15.16,15.15,15.14,15.13,404,108,510,73,225,0
2007-01-15 10:8:45,15.18,100,150976,15.18,15.19,15.2,15.21,15.22,120,360,1285,64,142,15.17,15.16,15.15,15.14,15.13,345,95,521,73,225,1
2007-01-15 10:8:51,15.18,50,75872,15.18,15.19,15.2,15.21,15.22,100,360,1285,64,142,15.17,15.16,15.15,15.14,15.13,322,118,521,73,210,1
2007-01-15 10:8:54,15.2,1778,2702560,15.21,15.22,15.23,15.24,15.25,64,142,1096,62,456,15.2,15.17,15.16,15.15,15.14,269,285,653,521,73,0
2007-01-15 10:9:0,15.2,39,59280,15.21,15.22,15.23,15.24,15.25,94,142,1096,62,456,15.2,15.17,15.16,15.15,15.14,230,285,653,521,73,0
2007-01-15 10:9:4,15.2,168,255200,15.21,15.22,15.23,15.24,15.25,94,142,1096,62,458,15.2,15.19,15.17,15.16,15.15,62,30,388,653,531,0
2007-01-15 10:9:11,15.2,109,165136,15.2,15.21,15.22,15.23,15.24,75,94,142,1096,62,15.18,15.17,15.16,15.15,15.14,490,478,858,531,273,1
2007-01-15 10:9:16,15.19,153,232592,15.2,15.21,15.22,15.23,15.24,10,34,142,1096,62,15.19,15.18,15.17,15.16,15.15,4,553,478,908,531,0
2007-01-15 10:9:20,15.2,453,688560,15.2,15.21,15.22,15.23,15.24,57,34,142,1096,62,15.19,15.18,15.17,15.16,15.15,4,553,478,908,531,1
2007-01-15 10:9:24,15.21,123,187424,15.22,15.23,15.24,15.25,15.26,142,1097,62,458,20,15.21,15.19,15.18,15.17,15.16,150,4,553,418,908,0
2007-01-15 10:9:32,15.21,5,7600,15.22,15.23,15.24,15.25,15.26,142,1097,56,458,20,15.21,15.2,15.19,15.18,15.17,145,24,4,553,468,0
2007-01-15 10:9:34,15.21,65,98864,15.22,15.23,15.24,15.25,15.26,138,1086,56,462,20,15.21,15.2,15.19,15.18,15.17,84,45,79,558,468,0
2007-01-15 10:9:41,15.21,168,255632,15.22,15.23,15.24,15.25,15.26,38,1086,56,496,20,15.21,15.2,15.19,15.18,15.17,16,89,79,613,468,0
2007-01-15 10:9:44,15.2,53,80192,15.21,15.22,15.23,15.24,15.25,27,24,1086,56,496,15.2,15.19,15.18,15.17,15.16,93,79,613,468,902,0
2007-01-15 10:9:50,15.18,687,1044976,15.23,15.24,15.25,15.26,15.27,798,56,496,20,14,15.22,15.18,15.17,15.16,15.15,527,512,468,904,410,0
2007-01-15 10:9:53,15.22,53,80656,15.23,15.24,15.25,15.26,15.27,798,56,496,20,14,15.22,15.19,15.18,15.17,15.16,517,158,512,468,898,0
2007-01-15 10:10:1,15.22,107,162864,15.23,15.24,15.25,15.26,15.27,798,56,501,20,14,15.22,15.2,15.19,15.18,15.17,410,20,158,512,468,0
2007-01-15 10:10:4,15.22,610,928256,15.23,15.24,15.25,15.26,15.27,594,56,508,20,14,15.22,15.2,15.19,15.18,15.17,4,35,158,512,468,0
2007-01-15 10:10:10,15.23,384,584400,15.23,15.24,15.25,15.26,15.27,228,54,508,20,14,15.2,15.19,15.18,15.17,15.16,78,158,512,468,888,1
2007-01-15 10:10:16,15.22,52,79152,15.23,15.24,15.25,15.26,15.27,212,54,508,20,14,15.22,15.2,15.19,15.18,15.17,80,96,158,512,468,0
2007-01-15 10:10:22,15.22,11,16736,15.23,15.24,15.25,15.26,15.27,217,54,508,20,14,15.22,15.2,15.19,15.18,15.17,69,116,158,512,468,0
2007-01-15 10:10:24,15.22,105,159920,15.23,15.24,15.25,15.26,15.27,117,54,508,20,14,15.22,15.2,15.19,15.18,15.17,64,116,158,512,468,0
2007-01-15 10:10:32,15.22,24,36688,15.23,15.24,15.25,15.26,15.27,117,54,498,20,14,15.22,15.2,15.19,15.18,15.17,49,126,158,512,465,0
2007-01-15 10:10:34,15.22,188,285552,15.24,15.25,15.26,15.27,15.28,54,498,20,14,42,15.22,15.2,15.19,15.18,15.17,42,126,164,512,465,0
2007-01-15 10:10:41,15.23,28,41888,15.24,15.25,15.26,15.27,15.28,48,498,20,14,42,15.23,15.22,15.21,15.2,15.19,54,47,3,308,164,0
2007-01-15 10:10:47,15.23,3,4576,15.24,15.25,15.26,15.27,15.28,48,513,20,14,42,15.23,15.22,15.21,15.2,15.19,104,62,3,314,167,0
2007-01-15 10:10:51,15.22,212,323024,15.25,15.26,15.27,15.28,15.29,461,20,14,42,144,15.22,15.21,15.2,15.19,15.18,74,3,514,367,738,0
2007-01-15 10:10:55,15.24,6,9136,15.24,15.25,15.26,15.27,15.28,6,461,20,14,42,15.22,15.21,15.2,15.19,15.18,84,68,514,383,738,1
2007-01-15 10:11:1,15.25,468,713488,15.26,15.27,15.28,15.29,15.3,20,14,42,144,2485,15.25,15.24,15.23,15.22,15.21,32,211,3,84,73,0
2007-01-15 10:11:6,15.25,9,13952,15.26,15.27,15.28,15.29,15.3,20,14,42,144,2485,15.25,15.24,15.23,15.22,15.21,23,231,3,94,73,0
2007-01-15 10:11:9,15.25,6,8544,15.26,15.27,15.28,15.29,15.3,20,14,42,144,2485,15.25,15.24,15.23,15.22,15.21,17,281,3,94,251,0
2007-01-15 10:11:13,15.25,20,30496,15.26,15.27,15.28,15.29,15.3,20,14,42,144,2485,15.25,15.24,15.23,15.22,15.21,7,281,3,97,272,0
2007-01-15 10:11:22,15.24,20,30128,15.25,15.26,15.27,15.28,15.29,3,20,27,42,144,15.24,15.23,15.22,15.21,15.2,279,3,104,272,522,0
2007-01-15 10:11:26,15.26,37,55792,15.26,15.27,15.28,15.29,15.3,16,27,42,154,2491,15.25,15.24,15.23,15.22,15.21,197,249,3,324,272,1
2007-01-15 10:11:32,15.26,16,24416,15.27,15.28,15.29,15.3,15.31,27,42,154,2491,138,15.26,15.25,15.24,15.23,15.22,31,213,254,3,324,0
2007-01-15 10:11:35,15.25,200,305040,15.27,15.28,15.29,15.3,15.31,27,52,154,2496,138,15.25,15.24,15.23,15.22,15.21,44,254,3,329,272,0
2007-01-15 10:11:41,15.24,104,158544,15.27,15.28,15.29,15.3,15.31,19,68,154,2502,138,15.26,15.24,15.23,15.22,15.21,5,207,3,339,272,0
2007-01-15 10:11:47,15.3,712,1088912,15.29,15.3,15.31,15.32,15.33,148,2142,138,565,98,15.27,15.26,15.24,15.23,15.22,31,58,207,3,341,0
2007-01-15 10:11:50,15.24,150,228880,15.29,15.3,15.31,15.32,15.33,148,2142,138,565,98,15.24,15.23,15.22,15.21,15.2,166,3,341,272,534,0
2007-01-15 10:11:56,15.28,16,24480,15.29,15.3,15.31,15.32,15.33,148,2142,138,565,98,15.28,15.27,15.25,15.24,15.23,5,10,48,166,3,0
2007-01-15 10:12:0,15.27,5,8096,15.29,15.3,15.31,15.32,15.33,148,2142,138,565,98,15.27,15.26,15.25,15.24,15.23,21,18,48,176,3,0
2007-01-15 10:12:3,15.3,1027,1571120,15.3,15.31,15.32,15.33,15.34,1278,138,565,98,102,15.27,15.26,15.25,15.24,15.23,7,47,48,176,3,1
2007-01-15 10:12:11,15.26,1159,1772576,15.26,15.28,15.29,15.3,15.31,58,1,10,172,138,15.25,15.24,15.23,15.22,15.21,48,176,3,341,272,1
2007-01-15 10:12:17,15.29,69,105808,15.3,15.31,15.32,15.33,15.34,172,138,565,98,102,15.29,15.25,15.24,15.23,15.22,31,58,96,3,341,0
2007-01-15 10:12:21,15.29,22,33648,15.3,15.31,15.32,15.33,15.34,177,138,565,98,102,15.29,15.28,15.25,15.24,15.23,26,50,145,96,3,0
2007-01-15 10:12:24,15.28,53,81024,15.3,15.31,15.32,15.33,15.34,177,138,565,98,102,15.28,15.26,15.25,15.24,15.23,23,97,169,96,3,0
2007-01-15 10:12:34,15.3,126,192720,15.3,15.31,15.32,15.33,15.34,242,127,565,98,102,15.26,15.25,15.24,15.23,15.22,97,169,96,11,341,1
2007-01-15 10:12:41,15.3,0,0,15.29,15.3,15.31,15.32,15.33,356,252,127,565,98,15.26,15.25,15.24,15.23,15.22,97,169,96,11,341,0
2007-01-15 10:12:43,15.28,19,29008,15.28,15.29,15.3,15.31,15.32,3,349,267,127,565,15.26,15.25,15.24,15.23,15.22,92,169,96,11,342,1
2007-01-15 10:12:48,15.29,502,765632,15.29,15.3,15.31,15.32,15.33,297,267,127,565,98,15.22,15.21,15.2,15.19,15.18,304,267,534,230,836,1
2007-01-15 10:12:51,15.26,10,15264,15.28,15.29,15.3,15.31,15.32,5,297,287,127,565,15.26,15.25,15.22,15.21,15.2,90,10,304,267,534,0
2007-01-15 10:12:56,15.29,76,116032,15.29,15.3,15.31,15.32,15.33,284,285,127,565,98,15.28,15.26,15.25,15.22,15.21,20,35,10,304,267,1
2007-01-15 10:13:0,15.3,602,920624,15.31,15.32,15.33,15.34,15.35,127,565,98,102,883,15.3,15.28,15.27,15.26,15.25,499,20,16,45,10,0
2007-01-15 10:13:7,15.3,4,6112,15.31,15.32,15.33,15.34,15.35,127,565,98,102,883,15.3,15.28,15.27,15.26,15.25,498,23,16,145,10,0
2007-01-15 10:13:12,15.3,31,47424,15.31,15.32,15.33,15.34,15.35,127,565,98,102,883,15.3,15.29,15.28,15.27,15.26,503,5,29,16,145,0
2007-01-15 10:13:17,15.32,366,560352,15.32,15.33,15.34,15.35,15.36,445,98,102,883,188,15.3,15.29,15.28,15.27,15.26,384,5,30,16,145,1
2007-01-15 10:13:22,15.3,35,53552,15.32,15.33,15.34,15.35,15.36,445,98,102,883,188,15.3,15.29,15.28,15.27,15.26,350,6,30,16,245,0
2007-01-15 10:13:27,15.31,352,539392,15.32,15.33,15.34,15.35,15.36,445,98,102,883,188,15.31,15.3,15.29,15.28,15.27,148,70,6,30,16,0
2007-01-15 10:13:32,15.3,460,703968,15.32,15.33,15.34,15.35,15.36,437,108,102,883,188,15.3,15.29,15.28,15.27,15.26,2771,6,30,16,245,0
2007-01-15 10:13:38,15.32,502,769120,15.33,15.34,15.35,15.36,15.37,108,102,855,191,178,15.32,15.31,15.3,15.29,15.28,252,193,2803,6,30,0
2007-01-15 10:13:41,15.32,38,58208,15.33,15.34,15.35,15.36,15.37,108,102,855,191,178,15.32,15.31,15.3,15.29,15.28,214,193,2804,6,32,0
2007-01-15 10:13:47,15.32,5,7664,15.33,15.34,15.35,15.36,15.37,108,102,855,191,178,15.32,15.31,15.3,15.29,15.28,225,257,2804,6,32,0
2007-01-15 10:13:52,15.33,113,173232,15.34,15.35,15.36,15.37,15.38,102,855,191,268,380,15.33,15.32,15.31,15.3,15.29,77,288,257,2804,6,0
2007-01-15 10:13:58,15.33,4,6128,15.34,15.35,15.36,15.37,15.38,142,855,191,268,380,15.33,15.32,15.31,15.3,15.29,78,293,266,2842,6,0
2007-01-15 10:14:1,15.34,72,110432,15.34,15.35,15.36,15.37,15.38,103,855,191,268,380,15.33,15.32,15.31,15.3,15.29,260,297,266,2834,6,1
2007-01-15 10:14:7,15.34,206,316352,15.35,15.36,15.37,15.38,15.39,855,191,268,380,73,15.34,15.33,15.32,15.31,15.3,177,177,297,266,2834,0
2007-01-15 10:14:12,15.34,39,59136,15.35,15.36,15.37,15.38,15.39,855,191,268,380,73,15.34,15.33,15.32,15.31,15.3,138,181,297,266,2847,0
2007-01-15 10:14:17,15.34,243,372992,15.35,15.36,15.37,15.38,15.39,631,191,268,380,73,15.34,15.33,15.32,15.31,15.3,119,181,297,266,2847,0
2007-01-15 10:14:22,15.35,398,610400,15.35,15.36,15.37,15.38,15.39,347,191,268,380,73,15.34,15.33,15.32,15.31,15.3,67,201,281,266,2847,1
2007-01-15 10:14:26,15.4,2287,3517248,15.41,15.42,15.43,15.44,15.45,41,134,282,74,125,15.4,15.34,15.33,15.32,15.31,2724,67,201,281,73,0
2007-01-15 10:14:33,15.4,2,3088,15.41,15.42,15.43,15.44,15.45,41,134,282,74,125,15.4,15.35,15.34,15.33,15.32,2722,368,67,201,281,0
2007-01-15 10:14:36,15.4,28,43120,15.41,15.42,15.43,15.44,15.45,41,134,282,74,125,15.4,15.35,15.34,15.33,15.32,2694,626,68,201,281,0
2007-01-15 10:14:45,15.41,16,24656,15.41,15.42,15.43,15.44,15.45,26,134,282,74,125,15.4,15.35,15.34,15.33,15.32,2707,626,168,201,281,1
2007-01-15 10:14:48,15.4,13,20064,15.41,15.42,15.43,15.44,15.45,18,134,282,74,125,15.4,15.35,15.34,15.33,15.32,2704,610,180,201,265,0
2007-01-15 10:14:52,15.41,95,146256,15.42,15.43,15.44,15.45,15.46,114,282,74,125,279,15.41,15.4,15.35,15.34,15.33,235,2739,610,280,216,0
2007-01-15 10:14:56,15.42,72,111024,15.42,15.43,15.44,15.45,15.46,45,282,74,125,279,15.41,15.4,15.35,15.34,15.33,257,2739,130,280,216,1
2007-01-15 10:15:2,15.41,5,7696,15.42,15.43,15.44,15.45,15.46,145,282,74,125,279,15.41,15.4,15.35,15.34,15.33,553,2739,130,280,216,0
2007-01-15 10:15:7,15.42,693,1068032,15.42,15.43,15.44,15.45,15.46,22,277,74,125,279,15.4,15.35,15.34,15.33,15.32,2732,133,280,216,495,1
2007-01-15 10:15:11,15.42,133,204448,15.43,15.44,15.45,15.46,15.47,277,74,125,289,49,15.42,15.4,15.35,15.34,15.33,60,2721,223,275,120,0
2007-01-15 10:15:17,15.42,112,172208,15.43,15.44,15.45,15.46,15.47,177,74,125,289,49,15.42,15.41,15.4,15.35,15.34,60,120,2721,223,275,0
2007-01-15 10:15:20,15.42,50,77104,15.43,15.44,15.45,15.46,15.47,177,74,125,289,49,15.42,15.41,15.4,15.35,15.34,540,121,2721,225,275,0
2007-01-15 10:15:28,15.43,318,489680,15.43,15.44,15.45,15.46,15.47,91,74,125,289,49,15.42,15.41,15.4,15.35,15.34,310,387,2731,225,275,1
2007-01-15 10:15:32,15.43,105,161472,15.44,15.45,15.46,15.47,15.48,74,125,289,49,188,15.43,15.42,15.41,15.4,15.35,269,314,407,2931,225,0
2007-01-15 10:15:38,15.43,0,0,15.44,15.45,15.46,15.47,15.48,74,125,289,49,188,15.43,15.42,15.41,15.4,15.35,922,353,407,2933,225,0
2007-01-15 10:15:41,15.43,50,77152,15.44,15.45,15.46,15.47,15.48,74,125,289,49,188,15.43,15.42,15.41,15.4,15.35,1044,353,407,2919,225,0
2007-01-15 10:15:47,15.44,26,40592,15.44,15.45,15.46,15.47,15.48,47,125,289,349,188,15.43,15.42,15.41,15.4,15.35,1133,353,407,2919,225,1
2007-01-15 10:15:50,15.46,289,446080,15.46,15.47,15.48,15.49,15.5,278,369,188,99,1675,15.45,15.44,15.43,15.42,15.41,24,27,1068,353,406,1
2007-01-15 10:15:57,15.45,59,91216,15.46,15.47,15.48,15.49,15.5,220,369,198,99,1675,15.45,15.44,15.43,15.42,15.41,23,28,1068,353,406,0
2007-01-15 10:16:1,15.45,45,69568,15.46,15.47,15.48,15.49,15.5,206,369,198,99,1675,15.45,15.44,15.43,15.42,15.41,1,87,1068,353,413,0
2007-01-15 10:16:9,15.44,57,88192,15.45,15.46,15.47,15.48,15.49,6,306,369,198,199,15.44,15.43,15.42,15.41,15.4,101,1051,353,413,2714,0
2007-01-15 10:16:12,15.46,193,298368,15.45,15.46,15.47,15.48,15.49,5,118,369,193,211,15.44,15.43,15.42,15.41,15.4,116,884,353,413,2714,0
2007-01-15 10:16:16,15.45,44,68016,15.45,15.46,15.47,15.48,15.49,1,88,369,193,211,15.44,15.43,15.42,15.41,15.4,116,742,353,413,2714,1
2007-01-15 10:16:21,15.44,268,413792,15.44,15.45,15.46,15.47,15.48,139,70,88,369,193,15.43,15.42,15.41,15.4,15.36,742,325,413,2714,3,1
2007-01-15 10:16:30,15.47,676,1045584,15.48,15.49,15.5,15.51,15.52,186,223,2074,44,235,15.47,15.46,15.45,15.43,15.42,111,5,10,638,325,0
2007-01-15 10:16:32,15.43,436,673072,15.48,15.49,15.5,15.51,15.52,186,223,2076,44,235,15.43,15.42,15.41,15.4,15.36,532,328,413,2714,3,0
2007-01-15 10:16:37,15.45,80,123840,15.48,15.49,15.5,15.51,15.52,108,223,2109,44,235,15.45,15.43,15.42,15.41,15.4,25,532,328,413,2716,0
2007-01-15 10:16:46,15.45,53,81888,15.45,15.47,15.48,15.49,15.5,247,1,1058,223,2114,15.44,15.43,15.42,15.41,15.4,2,532,328,413,2716,1
2007-01-15 10:16:49,15.45,237,366112,15.45,15.47,15.48,15.49,15.5,33,306,1058,223,2134,15.44,15.43,15.42,15.41,15.4,10,511,328,393,2716,1
2007-01-15 10:16:51,15.43,779,1203696,15.44,15.45,15.48,15.49,15.5,12,450,1082,241,2132,15.43,15.42,15.41,15.4,15.38,204,328,393,2716,7,0
2007-01-15 10:16:57,15.45,53,81856,15.45,15.46,15.48,15.49,15.5,451,20,1082,241,2132,15.43,15.42,15.41,15.4,15.38,199,328,393,2716,7,1
2007-01-15 10:17:0,15.44,96,148128,15.44,15.45,15.46,15.48,15.49,7,467,20,1082,262,15.43,15.42,15.41,15.4,15.38,106,328,393,2716,7,1
2007-01-15 10:17:8,15.45,2813,4333440,15.45,15.46,15.48,15.49,15.5,464,20,1082,262,2132,15.43,15.4,15.38,15.36,15.35,2,743,7,3,213,1
2007-01-15 10:17:12,15.44,38,58688,15.45,15.46,15.47,15.48,15.49,447,20,150,1082,267,15.44,15.42,15.4,15.38,15.36,28,10,743,7,3,0
2007-01-15 10:17:17,15.44,28,43232,15.43,15.45,15.46,15.47,15.48,14,447,52,155,1082,15.42,15.4,15.38,15.36,15.35,10,763,7,3,213,0
2007-01-15 10:17:21,15.4,29,44736,15.43,15.44,15.45,15.46,15.47,16,22,460,52,181,15.4,15.38,15.36,15.35,15.34,761,7,3,213,263,0
2007-01-15 10:17:27,15.43,20,30864,15.43,15.44,15.45,15.46,15.47,501,22,494,52,181,15.4,15.38,15.36,15.35,15.34,761,7,3,213,263,1
2007-01-15 10:17:32,15.43,71,109504,15.43,15.44,15.45,15.46,15.47,447,62,494,52,236,15.4,15.38,15.36,15.35,15.34,751,7,3,213,263,1
2007-01-15 10:17:37,15.45,586,904416,15.45,15.46,15.47,15.48,15.49,819,25,236,1082,267,15.4,15.38,15.36,15.35,15.34,753,7,3,213,263,1
2007-01-15 10:17:41,15.45,41,63328,15.43,15.45,15.46,15.47,15.48,16,787,25,236,1082,15.4,15.38,15.36,15.35,15.34,751,7,3,213,263,0
2007-01-15 10:17:48,15.42,19,29296,15.42,15.43,15.45,15.46,15.47,4,8,795,160,236,15.4,15.38,15.36,15.35,15.34,763,7,3,481,263,1
2007-01-15 10:17:51,15.42,186,287440,15.44,15.45,15.46,15.47,15.48,350,694,160,236,1082,15.43,15.41,15.4,15.38,15.36,23,150,742,87,3,0
2007-01-15 10:17:57,15.43,5,7712,15.44,15.45,15.46,15.47,15.48,348,742,160,236,1082,15.43,15.41,15.4,15.38,15.36,40,150,742,87,8,0
2007-01-15 10:18:1,15.41,143,220448,15.43,15.44,15.45,15.46,15.47,69,391,742,160,236,15.41,15.4,15.39,15.38,15.36,47,742,5,87,58,0
2007-01-15 10:18:7,15.43,47,72496,15.42,15.43,15.44,15.45,15.46,52,78,401,742,140,15.41,15.4,15.39,15.38,15.36,47,742,5,87,58,0
2007-01-15 10:18:11,15.41,55,84816,15.42,15.43,15.44,15.45,15.46,2,432,401,742,140,15.41,15.4,15.39,15.38,15.36,42,742,5,87,58,0
2007-01-15 10:18:19,15.41,44,67808,15.43,15.44,15.45,15.46,15.47,432,401,742,140,86,15.41,15.4,15.39,15.38,15.36,2,752,5,87,58,0
2007-01-15 10:18:22,15.4,76,117232,15.42,15.43,15.44,15.45,15.46,21,366,401,712,140,15.4,15.39,15.38,15.36,15.35,744,5,87,58,418,0
2007-01-15 10:18:28,15.4,2247,3466736,15.4,15.42,15.43,15.45,15.46,391,46,17,209,141,15.39,15.38,15.36,15.35,15.34,5,87,58,418,262,1
2007-01-15 10:18:30,15.4,4,6144,15.4,15.41,15.42,15.43,15.45,387,10,57,21,259,15.39,15.38,15.36,15.35,15.34,5,87,58,418,262,1
2007-01-15 10:18:37,15.4,25,38496,15.4,15.41,15.42,15.43,15.45,372,61,63,21,259,15.39,15.38,15.36,15.35,15.34,5,87,58,418,262,1
2007-01-15 10:18:40,15.4,323,497376,15.39,15.4,15.41,15.42,15.43,5,123,68,73,21,15.38,15.36,15.35,15.34,15.33,282,258,418,262,120,0
2007-01-15 10:18:48,15.39,5,7712,15.4,15.41,15.42,15.43,15.44,217,68,75,21,13,15.39,15.38,15.36,15.35,15.34,10,282,258,418,262,0
2007-01-15 10:18:51,15.39,40,61568,15.39,15.4,15.41,15.42,15.43,304,207,70,75,21,15.38,15.36,15.35,15.34,15.33,272,258,428,262,120,1
2007-01-15 10:18:58,15.39,41,63072,15.39,15.4,15.41,15.42,15.43,308,321,70,76,21,15.38,15.36,15.35,15.34,15.33,257,258,428,262,120,1
2007-01-15 10:19:1,15.38,80,123040,15.39,15.4,15.41,15.42,15.43,292,530,70,76,21,15.38,15.36,15.35,15.34,15.33,193,258,428,262,120,0
2007-01-15 10:19:6,15.38,31,47680,15.39,15.4,15.41,15.42,15.43,292,552,74,66,31,15.38,15.36,15.35,15.34,15.33,162,208,428,264,120,0
2007-01-15 10:19:10,15.39,172,265376,15.39,15.4,15.41,15.42,15.43,242,559,74,66,31,15.38,15.36,15.35,15.34,15.33,379,208,428,264,120,1
2007-01-15 10:19:17,15.38,283,435552,15.39,15.4,15.41,15.42,15.43,4,564,74,65,31,15.38,15.36,15.35,15.34,15.33,374,208,428,264,100,0
2007-01-15 10:19:22,15.38,165,253760,15.39,15.4,15.41,15.42,15.43,9,565,74,65,41,15.38,15.36,15.35,15.34,15.33,209,208,428,264,100,0
2007-01-15 10:19:28,15.38,1,1536,15.39,15.4,15.41,15.42,15.43,16,568,74,55,41,15.38,15.36,15.35,15.34,15.33,213,203,428,264,100,0
2007-01-15 10:19:31,15.38,101,155328,15.39,15.4,15.41,15.42,15.43,16,563,74,55,34,15.38,15.36,15.35,15.34,15.33,112,203,428,264,100,0
2007-01-15 10:19:38,15.38,67,103168,15.4,15.41,15.42,15.43,15.44,529,74,55,34,18,15.38,15.36,15.35,15.34,15.33,109,203,428,264,103,0
2007-01-15 10:19:42,15.38,91,139968,15.4,15.41,15.42,15.43,15.44,506,74,55,34,18,15.38,15.36,15.35,15.34,15.33,47,203,428,264,103,0
2007-01-15 10:19:47,15.39,284,437344,15.4,15.41,15.42,15.43,15.44,253,74,55,34,18,15.39,15.38,15.36,15.35,15.34,130,57,203,428,264,0
2007-01-15 10:19:50,15.39,26,39872,15.4,15.41,15.42,15.43,15.44,277,74,55,34,18,15.39,15.38,15.36,15.35,15.34,114,62,536,428,264,0
2007-01-15 10:19:58,15.4,310,476640,15.41,15.42,15.43,15.44,15.45,74,55,34,18,433,15.4,15.39,15.38,15.36,15.35,190,120,62,536,428,0
2007-01-15 10:20:1,15.4,10,15392,15.41,15.42,15.43,15.44,15.45,74,55,34,18,528,15.4,15.39,15.38,15.36,15.35,180,120,64,536,428,0
2007-01-15 10:20:7,15.4,61,93632,15.41,15.42,15.43,15.44,15.45,74,55,34,18,528,15.4,15.39,15.38,15.36,15.35,120,125,84,536,430,0
2007-01-15 10:20:11,15.4,19,29248,15.41,15.42,15.43,15.44,15.45,74,55,34,18,528,15.4,15.39,15.38,15.36,15.35,262,126,84,536,430,0
2007-01-15 10:20:16,15.41,6,9248,15.41,15.42,15.43,15.44,15.45,73,55,34,18,528,15.4,15.39,15.38,15.36,15.35,263,126,84,536,430,1
2007-01-15 10:20:22,15.4,97,149440,15.41,15.42,15.43,15.44,15.45,36,55,34,18,528,15.4,15.39,15.38,15.37,15.36,213,168,84,5,536,0
2007-01-15 10:20:30,15.41,304,467520,15.42,15.43,15.44,15.45,15.46,67,34,118,543,47,15.41,15.4,15.39,15.38,15.37,154,13,160,204,15,0
2007-01-15 10:20:37,15.41,92,141472,15.42,15.43,15.44,15.45,15.46,67,34,121,543,47,15.41,15.4,15.39,15.38,15.37,162,23,170,204,15,0
2007-01-15 10:20:40,15.41,7,10784,15.42,15.43,15.44,15.45,15.46,67,34,126,543,47,15.41,15.4,15.39,15.38,15.37,163,223,370,404,215,0
2007-01-15 10:20:47,15.41,11,16960,15.42,15.43,15.44,15.45,15.46,67,34,126,543,47,15.41,15.4,15.39,15.38,15.37,153,223,370,404,215,0
2007-01-15 10:20:52,15.45,600,926592,15.44,15.45,15.46,15.47,15.48,10,170,47,25,1184,15.42,15.41,15.4,15.39,15.38,5,153,224,370,404,0
2007-01-15 10:20:58,15.41,32,49472,15.42,15.44,15.45,15.46,15.47,8,10,170,77,25,15.41,15.4,15.39,15.38,15.37,126,224,370,394,215,0
2007-01-15 10:21:1,15.41,29,45472,15.42,15.44,15.45,15.46,15.47,14,10,170,77,23,15.41,15.4,15.39,15.38,15.37,97,224,370,394,215,0
2007-01-15 10:21:7,15.42,17,25600,15.44,15.45,15.46,15.47,15.48,10,170,47,23,1184,15.42,15.41,15.4,15.39,15.38,83,97,227,370,394,0
2007-01-15 10:21:17,15.42,3,4640,15.44,15.45,15.46,15.47,15.48,12,170,47,23,1102,15.42,15.41,15.4,15.39,15.38,80,397,227,370,397,0
2007-01-15 10:21:21,15.42,90,139392,15.42,15.44,15.45,15.46,15.47,20,2,167,47,23,15.41,15.4,15.39,15.38,15.37,397,227,370,397,215,1
2007-01-15 10:21:27,15.44,388,597952,15.44,15.45,15.46,15.47,15.48,15,172,47,23,1101,15.41,15.4,15.39,15.38,15.37,31,227,370,397,215,1
2007-01-15 10:21:32,15.43,4,6176,15.44,15.45,15.46,15.47,15.48,33,177,47,23,1101,15.43,15.42,15.41,15.4,15.39,6,7,31,227,370,0
2007-01-15 10:21:37,15.44,33,50336,15.45,15.46,15.47,15.48,15.49,177,47,23,1101,150,15.44,15.43,15.42,15.41,15.4,6,6,7,36,227,0
2007-01-15 10:21:41,15.42,66,101792,15.42,15.45,15.46,15.47,15.48,75,177,47,23,1101,15.41,15.4,15.39,15.38,15.37,29,227,328,407,205,1
2007-01-15 10:21:48,15.42,0,0,15.42,15.44,15.45,15.46,15.47,77,3,280,47,23,15.41,15.4,15.39,15.38,15.37,29,227,328,407,205,1
2007-01-15 10:21:52,15.42,50,76800,15.42,15.44,15.45,15.46,15.47,35,103,280,47,23,15.41,15.4,15.39,15.38,15.37,21,227,328,407,205,1
2007-01-15 10:21:56,15.42,0,0,15.42,15.44,15.45,15.46,15.47,35,153,280,47,23,15.41,15.4,15.39,15.38,15.37,30,217,328,407,205,1
2007-01-15 10:22:2,15.45,453,698784,15.45,15.46,15.47,15.48,15.49,28,47,23,1101,143,15.42,15.41,15.4,15.39,15.38,10,18,217,328,404,1
2007-01-15 10:22:8,15.42,10,15424,15.42,15.43,15.45,15.46,15.47,40,10,28,47,24,15.41,15.4,15.39,15.38,15.37,18,217,328,406,205,1
2007-01-15 10:22:11,15.42,46,71712,15.43,15.44,15.45,15.46,15.47,10,10,39,47,24,15.42,15.41,15.4,15.39,15.38,14,18,217,328,406,0
2007-01-15 10:22:18,15.42,142,219264,15.42,15.43,15.44,15.45,15.46,17,10,10,39,47,15.4,15.39,15.38,15.37,15.36,227,328,406,205,536,1
2007-01-15 10:22:20,15.41,5,7680,15.41,15.42,15.43,15.44,15.45,6,17,10,10,44,15.4,15.39,15.38,15.37,15.36,227,328,406,205,536,1
2007-01-15 10:22:26,15.42,28,43328,15.43,15.44,15.45,15.46,15.47,40,10,44,47,37,15.42,15.4,15.39,15.38,15.37,94,227,338,406,205,0
2007-01-15 10:22:32,15.42,42,64160,15.43,15.44,15.45,15.46,15.47,40,10,44,47,37,15.42,15.4,15.39,15.38,15.37,68,227,338,396,205,0
2007-01-15 10:22:37,15.42,3,4640,15.43,15.44,15.45,15.46,15.47,40,60,45,47,37,15.42,15.4,15.39,15.38,15.37,68,227,341,396,205,0
2007-01-15 10:22:42,15.42,9,13728,15.43,15.44,15.45,15.46,15.47,35,60,45,47,37,15.42,15.4,15.39,15.38,15.37,64,227,341,396,205,0
2007-01-15 10:22:47,15.43,79,121376,15.44,15.45,15.46,15.47,15.48,60,86,47,37,1104,15.43,15.42,15.4,15.39,15.38,35,21,224,341,396,0
2007-01-15 10:22:50,15.42,63,97216,15.44,15.45,15.46,15.47,15.48,60,93,47,37,1104,15.42,15.41,15.4,15.39,15.38,43,8,224,341,396,0
2007-01-15 10:22:58,15.42,55,84320,15.42,15.43,15.44,15.45,15.46,12,64,60,93,47,15.41,15.4,15.39,15.38,15.37,12,214,341,396,205,1
2007-01-15 10:23:1,15.4,20,30816,15.42,15.43,15.44,15.45,15.46,62,64,60,93,47,15.4,15.39,15.38,15.37,15.36,206,341,398,205,536,0
2007-01-15 10:23:8,15.42,61,94048,15.42,15.43,15.44,15.45,15.46,41,64,60,93,47,15.4,15.39,15.38,15.37,15.36,214,341,398,205,536,1
2007-01-15 10:23:11,15.42,32,49344,15.42,15.43,15.44,15.45,15.46,22,64,60,108,47,15.41,15.4,15.39,15.38,15.37,5,214,341,398,205,1
2007-01-15 10:23:17,15.41,124,191168,15.41,15.42,15.43,15.44,15.45,2,4,64,60,111,15.4,15.39,15.38,15.37,15.36,214,341,398,205,536,1
2007-01-15 10:23:21,15.43,19,28928,15.43,15.44,15.45,15.46,15.47,51,60,112,47,339,15.42,15.41,15.4,15.39,15.38,170,100,217,341,398,1
2007-01-15 10:23:27,15.43,45,68704,15.43,15.44,15.45,15.46,15.47,16,60,112,47,363,15.42,15.41,15.4,15.39,15.38,201,100,217,341,398,1
2007-01-15 10:23:32,15.42,6,9120,15.43,15.44,15.45,15.46,15.47,16,60,112,47,363,15.42,15.41,15.4,15.39,15.38,195,109,217,341,398,0
2007-01-15 10:23:38,15.43,7,10784,15.43,15.44,15.45,15.46,15.47,9,60,112,47,363,15.42,15.41,15.4,15.39,15.38,195,109,241,341,398,1
2007-01-15 10:23:41,15.43,125,192608,15.44,15.45,15.46,15.47,15.48,60,112,47,363,1104,15.43,15.42,15.41,15.4,15.39,104,204,109,241,341,0
2007-01-15 10:23:47,15.43,5,7712,15.44,15.45,15.46,15.47,15.48,60,112,47,363,1104,15.43,15.42,15.41,15.4,15.39,99,204,109,241,341,0
2007-01-15 10:23:51,15.43,28,43040,15.44,15.45,15.46,15.47,15.48,60,112,47,363,1104,15.43,15.42,15.41,15.4,15.39,71,214,109,248,341,0
2007-01-15 10:23:58,15.42,135,207616,15.44,15.45,15.46,15.47,15.48,103,112,47,363,1104,15.42,15.41,15.4,15.39,15.38,150,109,248,341,398,0
2007-01-15 10:24:0,15.44,200,308544,15.44,15.45,15.46,15.47,15.48,63,112,47,363,1104,15.42,15.41,15.4,15.39,15.38,44,109,288,341,398,1
2007-01-15 10:24:6,15.43,22,34112,15.43,15.44,15.45,15.46,15.47,0,60,122,47,363,15.42,15.41,15.4,15.39,15.38,80,109,288,341,398,1
2007-01-15 10:24:11,15.42,44,67840,15.43,15.44,15.45,15.46,15.47,5,60,122,52,363,15.42,15.41,15.4,15.39,15.38,36,109,299,341,398,0
2007-01-15 10:24:17,15.42,36,56096,15.42,15.43,15.44,15.45,15.46,58,73,61,122,57,15.41,15.4,15.39,15.38,15.37,109,299,341,398,207,1
2007-01-15 10:24:21,15.43,94,144992,15.43,15.44,15.45,15.46,15.47,40,61,122,57,370,15.41,15.4,15.39,15.38,15.37,109,299,341,398,207,1
2007-01-15 10:24:27,15.41,0,32,15.43,15.44,15.45,15.46,15.47,40,61,131,59,370,15.42,15.41,15.4,15.39,15.38,16,109,299,341,398,0
2007-01-15 10:24:33,15.41,306,471776,15.42,15.43,15.44,15.45,15.46,10,63,61,133,59,15.41,15.4,15.39,15.38,15.37,19,299,341,398,207,0
2007-01-15 10:24:37,15.42,1,1536,15.42,15.43,15.44,15.45,15.46,9,76,61,133,59,15.41,15.4,15.39,15.38,15.37,19,299,341,398,207,1
2007-01-15 10:24:42,15.42,9,13856,15.43,15.44,15.45,15.46,15.47,205,61,1033,59,400,15.42,15.41,15.4,15.39,15.38,50,19,299,341,398,0
2007-01-15 10:24:48,15.43,13,20064,15.43,15.44,15.45,15.46,15.47,242,61,1033,59,400,15.42,15.41,15.4,15.39,15.38,45,19,299,341,398,1
2007-01-15 10:24:52,15.43,0,0,15.43,15.44,15.45,15.46,15.47,242,58,1033,59,400,15.42,15.41,15.4,15.39,15.38,187,21,299,341,448,1
2007-01-15 10:24:57,15.42,19,28672,15.43,15.44,15.45,15.46,15.47,243,58,1028,59,400,15.42,15.41,15.4,15.39,15.38,178,21,299,341,448,0
2007-01-15 10:25:0,15.42,146,225216,15.43,15.44,15.45,15.46,15.47,177,58,1021,59,400,15.42,15.41,15.4,15.39,15.38,98,21,299,341,448,0
2007-01-15 10:25:8,15.42,30,46272,15.43,15.44,15.45,15.46,15.47,188,60,1021,59,400,15.42,15.41,15.4,15.39,15.38,68,21,299,341,448,0
2007-01-15 10:25:12,15.42,61,94112,15.43,15.44,15.45,15.46,15.47,139,60,980,59,400,15.42,15.41,15.4,15.39,15.38,56,21,299,341,448,0
2007-01-15 10:25:18,15.42,18,27136,15.43,15.44,15.45,15.46,15.47,126,60,980,59,399,15.42,15.41,15.4,15.39,15.38,72,21,299,341,448,0
2007-01-15 10:25:21,15.42,13,20064,15.43,15.44,15.45,15.46,15.47,128,60,970,59,399,15.42,15.41,15.4,15.39,15.38,64,21,299,341,451,0
2007-01-15 10:25:28,15.43,7,10784,15.43,15.44,15.45,15.46,15.47,126,60,970,59,399,15.42,15.41,15.4,15.39,15.38,59,21,299,341,451,1
2007-01-15 10:25:31,15.42,419,646560,15.42,15.45,15.46,15.47,15.48,92,796,59,399,1143,15.41,15.4,15.39,15.38,15.37,21,319,341,451,207,1
2007-01-15 10:25:38,15.42,26,40032,15.42,15.45,15.46,15.47,15.48,274,796,57,399,1173,15.4,15.39,15.38,15.37,15.36,319,341,451,207,536,1
2007-01-15 10:25:42,15.42,10,15424,15.42,15.44,15.45,15.46,15.47,264,1,796,57,399,15.4,15.39,15.38,15.37,15.36,335,341,451,207,536,1
2007-01-15 10:25:47,15.42,1,1536,15.41,15.42,15.44,15.45,15.46,10,273,1,796,57,15.4,15.39,15.38,15.37,15.36,335,341,451,207,536,0
2007-01-15 10:25:51,15.43,284,438272,15.44,15.45,15.46,15.47,15.48,3,796,57,399,1173,15.43,15.41,15.4,15.39,15.38,145,190,335,341,451,0
2007-01-15 10:25:58,15.43,1,1536,15.44,15.45,15.46,15.47,15.48,3,796,57,402,1173,15.43,15.41,15.4,15.39,15.38,144,190,335,341,451,0
2007-01-15 10:26:0,15.43,5,7712,15.44,15.45,15.46,15.47,15.48,3,796,57,402,1173,15.43,15.42,15.41,15.4,15.39,189,12,190,335,341,0
2007-01-15 10:26:7,15.5,2275,3518592,15.5,15.51,15.52,15.53,15.54,2263,29,303,32,25,15.48,15.45,15.43,15.42,15.41,666,201,189,12,190,1
2007-01-15 10:26:11,15.48,8,12384,15.5,15.51,15.52,15.53,15.54,2263,29,303,32,25,15.48,15.45,15.43,15.42,15.41,658,1201,189,12,190,0
2007-01-15 10:26:16,15.48,13,20128,15.5,15.51,15.52,15.53,15.54,2263,29,303,32,25,15.48,15.45,15.43,15.42,15.41,645,1201,274,12,190,0
2007-01-15 10:26:21,15.48,2,3072,15.5,15.51,15.52,15.53,15.54,2273,29,303,32,25,15.48,15.45,15.43,15.42,15.41,643,1201,274,12,190,0
2007-01-15 10:26:28,15.48,0,0,15.5,15.51,15.52,15.53,15.54,2274,29,303,32,25,15.48,15.45,15.43,15.42,15.41,643,1201,274,12,190,0
2007-01-15 10:26:33,15.48,2012,3117856,15.5,15.51,15.52,15.53,15.54,279,29,303,32,25,15.48,15.45,15.43,15.42,15.41,631,1201,274,12,190,0
2007-01-15 10:26:38,15.48,0,0,15.5,15.51,15.52,15.53,15.54,285,29,303,32,25,15.48,15.45,15.43,15.42,15.41,631,1201,224,12,190,0
2007-01-15 10:26:40,15.5,18,27904,15.5,15.51,15.52,15.53,15.54,275,29,303,32,25,15.48,15.45,15.43,15.42,15.41,631,1201,224,12,190,1
2007-01-15 10:26:46,15.5,76,117728,15.5,15.51,15.52,15.53,15.54,240,29,273,32,25,15.48,15.45,15.43,15.42,15.41,596,1201,224,12,190,1
2007-01-15 10:26:50,15.48,130,202272,15.5,15.51,15.52,15.53,15.54,134,29,228,32,25,15.48,15.45,15.43,15.42,15.41,593,1301,224,12,190,0
2007-01-15 10:26:58,15.5,5,7744,15.49,15.5,15.51,15.52,15.53,3,186,59,225,32,15.48,15.45,15.43,15.42,15.41,607,1301,224,12,190,0
2007-01-15 10:27:2,15.5,285,441248,15.5,15.51,15.52,15.53,15.54,158,59,225,32,25,15.48,15.45,15.43,15.42,15.41,357,1301,224,12,190,1
2007-01-15 10:27:7,15.48,120,185888,15.5,15.51,15.52,15.53,15.54,95,59,222,32,25,15.48,15.45,15.43,15.42,15.41,300,1301,224,12,190,0
2007-01-15 10:27:10,15.5,73,113152,15.5,15.51,15.52,15.53,15.54,27,59,222,32,25,15.48,15.45,15.43,15.42,15.41,300,1301,224,12,190,1
2007-01-15 10:27:17,15.5,39,59712,15.5,15.51,15.52,15.53,15.54,0,59,222,32,25,15.49,15.48,15.45,15.43,15.42,2,301,1301,226,12,1
2007-01-15 10:27:20,15.5,33,51456,15.51,15.52,15.53,15.54,15.55,58,222,32,25,785,15.5,15.49,15.48,15.45,15.43,7,10,320,1301,226,0
2007-01-15 10:27:27,15.5,7,10560,15.5,15.51,15.52,15.53,15.54,13,60,222,32,25,15.49,15.48,15.45,15.43,15.42,15,320,1301,226,8,1
2007-01-15 10:27:31,15.5,27,41856,15.5,15.51,15.52,15.53,15.54,6,60,222,32,25,15.49,15.48,15.45,15.43,15.42,15,329,1301,226,8,1
2007-01-15 10:27:38,15.5,97,150080,15.51,15.52,15.53,15.54,15.55,60,222,40,25,835,15.5,15.49,15.48,15.45,15.43,706,2,459,1301,226,0
2007-01-15 10:27:41,15.5,37,57376,15.51,15.52,15.53,15.54,15.55,53,222,40,25,835,15.5,15.49,15.48,15.45,15.43,677,8,459,1301,217,0
2007-01-15 10:27:47,15.5,321,497536,15.51,15.52,15.53,15.54,15.55,58,222,45,25,833,15.5,15.49,15.48,15.45,15.43,358,8,459,1301,217,0
2007-01-15 10:27:52,15.51,45,69600,15.51,15.52,15.53,15.54,15.55,53,222,45,25,833,15.5,15.49,15.48,15.45,15.43,349,8,459,1301,217,1
2007-01-15 10:27:57,15.51,10,15520,15.51,15.52,15.53,15.54,15.55,52,222,45,25,833,15.5,15.49,15.48,15.45,15.43,340,8,500,1301,217,1
2007-01-15 10:28:2,15.51,56,86784,15.51,15.52,15.53,15.54,15.55,43,222,45,25,838,15.5,15.49,15.48,15.45,15.43,294,8,500,1301,217,1
2007-01-15 10:28:8,15.51,87,134944,15.52,15.53,15.54,15.55,15.56,241,45,25,838,199,15.51,15.5,15.49,15.48,15.45,29,282,8,500,1301,0
2007-01-15 10:28:11,15.51,187,290176,15.51,15.52,15.53,15.54,15.55,1,108,45,25,838,15.5,15.49,15.48,15.45,15.43,294,8,500,1314,217,1
2007-01-15 10:28:17,15.51,1,1536,15.52,15.53,15.54,15.55,15.56,108,45,35,838,199,15.51,15.5,15.49,15.48,15.45,39,294,8,500,1318,0
2007-01-15 10:28:21,15.51,35,53568,15.52,15.53,15.54,15.55,15.56,108,45,185,838,199,15.51,15.5,15.49,15.48,15.45,21,293,1008,500,1318,0
2007-01-15 10:28:27,15.51,133,205760,15.52,15.53,15.54,15.55,15.56,8,45,185,838,199,15.51,15.5,15.49,15.48,15.45,21,291,1008,500,1318,0
2007-01-15 10:28:33,15.5,69,106976,15.52,15.53,15.54,15.55,15.56,8,45,185,838,199,15.5,15.49,15.48,15.45,15.43,257,1008,503,1218,217,0
2007-01-15 10:28:38,15.5,0,0,15.51,15.52,15.53,15.54,15.55,110,8,45,185,838,15.5,15.49,15.48,15.45,15.43,257,1008,503,1218,217,0
2007-01-15 10:28:41,15.51,150,232640,15.51,15.52,15.53,15.54,15.55,4,8,45,185,838,15.5,15.49,15.48,15.45,15.43,247,1008,503,1218,217,1
2007-01-15 10:28:47,15.52,42,65536,15.53,15.54,15.55,15.56,15.57,45,186,838,199,15,15.52,15.5,15.49,15.48,15.45,352,218,1008,503,1218,0
2007-01-15 10:28:51,15.52,130,202368,15.53,15.54,15.55,15.56,15.57,45,186,844,199,15,15.52,15.5,15.49,15.48,15.45,222,376,1008,503,1218,0
2007-01-15 10:28:57,15.52,21,32576,15.53,15.54,15.55,15.56,15.57,40,186,856,199,15,15.52,15.5,15.49,15.48,15.45,201,376,1008,503,1218,0
2007-01-15 10:28:59,15.52,125,193792,15.53,15.54,15.55,15.56,15.57,19,586,856,199,15,15.52,15.5,15.49,15.48,15.45,132,376,1008,503,1218,0
2007-01-15 10:29:8,15.52,9,14240,15.53,15.54,15.55,15.56,15.57,19,586,880,199,15,15.52,15.5,15.49,15.48,15.45,154,376,1002,503,1218,0
2007-01-15 10:29:10,15.5,534,827232,15.53,15.54,15.55,15.56,15.57,24,586,874,199,15,15.5,15.49,15.48,15.45,15.43,47,1002,503,1218,217,0
2007-01-15 10:29:16,15.49,67,103840,15.53,15.54,15.55,15.56,15.57,17,586,874,199,15,15.49,15.48,15.45,15.43,15.42,990,503,1218,217,113,0
2007-01-15 10:29:22,15.53,11,17088,15.53,15.54,15.55,15.56,15.57,66,586,874,199,15,15.51,15.49,15.48,15.45,15.43,26,990,503,1218,215,1
2007-01-15 10:29:27,15.55,1400,2176288,15.53,15.55,15.56,15.57,15.58,50,126,199,15,792,15.52,15.51,15.49,15.48,15.45,9,26,990,489,1218,0
2007-01-15 10:29:32,15.52,19,29472,15.52,15.53,15.55,15.56,15.57,1,50,126,199,15,15.51,15.5,15.49,15.48,15.45,26,5,990,489,1205,1
2007-01-15 10:29:37,15.49,349,540768,15.51,15.52,15.53,15.55,15.56,94,12,28,126,199,15.49,15.48,15.45,15.43,15.42,695,439,1205,215,113,0
2007-01-15 10:29:40,15.52,107,166208,15.52,15.53,15.55,15.56,15.57,109,37,126,199,15,15.51,15.5,15.49,15.48,15.45,262,1100,695,439,1205,1
2007-01-15 10:29:47,15.52,43,66720,15.52,15.53,15.55,15.56,15.57,89,57,126,199,15,15.51,15.5,15.49,15.48,15.45,249,1100,695,439,1207,1
2007-01-15 10:29:50,15.51,68,105472,15.52,15.53,15.55,15.56,15.57,119,107,126,199,15,15.51,15.5,15.49,15.48,15.45,182,1100,697,439,1207,0
2007-01-15 10:29:56,15.52,74,114848,15.52,15.53,15.55,15.56,15.57,50,107,127,199,15,15.51,15.5,15.49,15.48,15.45,177,1101,697,439,1207,1
2007-01-15 10:30:1,15.52,26,40352,15.52,15.53,15.55,15.56,15.57,49,107,137,199,15,15.51,15.5,15.49,15.48,15.45,177,1103,697,439,1207,1
2007-01-15 10:30:7,15.51,14,21696,15.52,15.53,15.55,15.56,15.57,49,107,151,199,15,15.51,15.5,15.49,15.48,15.45,163,1003,697,439,1212,0
2007-01-15 10:30:11,15.52,177,274400,15.52,15.53,15.55,15.56,15.57,20,157,154,199,15,15.51,15.5,15.49,15.48,15.45,15,1003,697,439,1212,1
2007-01-15 10:30:16,15.53,247,383808,15.55,15.56,15.57,15.58,15.59,154,199,15,797,214,15.53,15.5,15.49,15.48,15.45,399,1003,697,439,1212,0
2007-01-15 10:30:21,15.53,10,14912,15.55,15.56,15.57,15.58,15.59,169,199,15,793,214,15.54,15.53,15.51,15.5,15.49,30,391,20,1003,697,0
2007-01-15 10:30:28,15.54,6,9312,15.55,15.56,15.57,15.58,15.59,179,199,15,796,244,15.54,15.53,15.52,15.51,15.5,24,396,51,20,1003,0
2007-01-15 10:30:32,15.54,5,7776,15.55,15.56,15.57,15.58,15.59,279,209,21,796,244,15.54,15.53,15.52,15.51,15.5,19,396,51,20,1003,0
2007-01-15 10:30:37,15.53,99,153152,15.55,15.56,15.57,15.58,15.59,372,209,21,796,254,15.53,15.52,15.51,15.5,15.49,317,56,124,1025,697,0
2007-01-15 10:30:42,15.53,40,62112,15.54,15.55,15.56,15.57,15.58,21,372,209,21,796,15.53,15.52,15.51,15.5,15.49,277,56,124,1037,697,0
2007-01-15 10:30:47,15.54,10,15520,15.54,15.55,15.56,15.57,15.58,22,372,209,51,796,15.53,15.52,15.51,15.5,15.49,270,56,324,1037,697,1
2007-01-15 10:30:50,15.53,29,45504,15.54,15.55,15.56,15.57,15.58,21,372,209,51,802,15.53,15.52,15.51,15.5,15.49,241,59,424,1037,697,0
