Time,Price,Volume,Amount,SP1,SP2,SP3,SP4,SP5,SV1,SV2,SV3,SV4,SV5,BP1,BP2,BP3,BP4,BP5,BV1,BV2,BV3,BV4,BV5,isBuy
2020-01-02 09:10:00,3050.12,0.000,0.000,0,0,0,0,0,0,0,0,0,0,0,0,0,0,0,0,0,0,0,0,0
2020-01-02 09:25:18,3066.34,3753472.000,4234003000.000,0,0,0,0,0,7936761,0,0,0,0,0,0,0,0,0,1.086462E+07,0,0,0,0,0
2020-01-02 09:25:44,3066.34,0.000,419166300000.000,0,0,0,0,0,8852591,0,0,0,0,0,0,0,0,0,1.20505E+07,0,0,0,0,0
2020-01-02 09:30:04,3066.4,1661816.000,196400600000.000,0,0,0,0,0,7979173,0,0,0,0,0,0,0,0,0,1.088387E+07,0,0,0,0,0
2020-01-02 09:30:08,3068.9,2376265.000,264246100000.000,0,0,0,0,0,9047942,0,0,0,0,0,0,0,0,0,1.113597E+07,0,0,0,0,0
2020-01-02 09:30:11,3068.9,0.000,0.000,0,0,0,0,0,1.077093E+07,0,0,0,0,0,0,0,0,0,1.371268E+07,0,0,0,0,0
2020-01-02 09:30:13,3069.62,918887.000,92182220000.000,0,0,0,0,0,9884844,0,0,0,0,0,0,0,0,0,1.25399E+07,0,0,0,0,0
2020-01-02 09:30:15,3069.62,0.000,0.000,0,0,0,0,0,1.111622E+07,0,0,0,0,0,0,0,0,0,1.460154E+07,0,0,0,0,0
2020-01-02 09:30:18,3070.17,582479.000,64616400000.000,0,0,0,0,0,9798094,0,0,0,0,0,0,0,0,0,1.259515E+07,0,0,0,0,0
2020-01-02 09:30:23,3070.59,521267.000,56140690000.000,0,0,0,0,0,9792376,0,0,0,0,0,0,0,0,0,1.256338E+07,0,0,0,0,0
2020-01-02 09:30:28,3070.53,449769.000,47035840000.000,0,0,0,0,0,9818718,0,0,0,0,0,0,0,0,0,1.267448E+07,0,0,0,0,0
2020-01-02 09:30:34,3070.86,512779.000,50512530000.000,0,0,0,0,0,9670247,0,0,0,0,0,0,0,0,0,1.261884E+07,0,0,0,0,0
2020-01-02 09:30:38,3070.92,434212.000,49673540000.000,0,0,0,0,0,9693426,0,0,0,0,0,0,0,0,0,1.256601E+07,0,0,0,0,0
2020-01-02 09:30:43,3070.6,372704.000,38413530000.000,0,0,0,0,0,9757012,0,0,0,0,0,0,0,0,0,1.249814E+07,0,0,0,0,0
2020-01-02 09:30:49,3070.77,466895.000,50382500000.000,0,0,0,0,0,9791251,0,0,0,0,0,0,0,0,0,1.248554E+07,0,0,0,0,0
2020-01-02 09:30:53,3070.51,378503.000,42158260000.000,0,0,0,0,0,9767564,0,0,0,0,0,0,0,0,0,1.254616E+07,0,0,0,0,0
2020-01-02 09:30:58,3070.58,375698.000,42173990000.000,0,0,0,0,0,9898236,0,0,0,0,0,0,0,0,0,1.243069E+07,0,0,0,0,0
2020-01-02 09:31:03,3069.72,443714.000,47397340000.000,0,0,0,0,0,9940703,0,0,0,0,0,0,0,0,0,1.257434E+07,0,0,0,0,0
2020-01-02 09:31:08,3069.68,460069.000,47515700000.000,0,0,0,0,0,9990994,0,0,0,0,0,0,0,0,0,1.261312E+07,0,0,0,0,0
2020-01-02 09:31:13,3070.32,451127.000,47029680000.000,0,0,0,0,0,9918730,0,0,0,0,0,0,0,0,0,1.24946E+07,0,0,0,0,0
2020-01-02 09:31:18,3070.66,497151.000,49424240000.000,0,0,0,0,0,9944199,0,0,0,0,0,0,0,0,0,1.248373E+07,0,0,0,0,0
2020-01-02 09:31:23,3070.63,358479.000,39285290000.000,0,0,0,0,0,1.17493E+07,0,0,0,0,0,0,0,0,0,1.452047E+07,0,0,0,0,0
2020-01-02 09:31:28,3070.72,370398.000,37956880000.000,0,0,0,0,0,9998139,0,0,0,0,0,0,0,0,0,1.25136E+07,0,0,0,0,0
2020-01-02 09:31:33,3070.26,419119.000,46388220000.000,0,0,0,0,0,1.006888E+07,0,0,0,0,0,0,0,0,0,1.255882E+07,0,0,0,0,0
2020-01-02 09:31:38,3070.91,328407.000,36401450000.000,0,0,0,0,0,1.007324E+07,0,0,0,0,0,0,0,0,0,1.259233E+07,0,0,0,0,0
2020-01-02 09:31:43,3070.45,352009.000,38258080000.000,0,0,0,0,0,1.003995E+07,0,0,0,0,0,0,0,0,0,1.264561E+07,0,0,0,0,0
2020-01-02 09:31:48,3070.34,396505.000,42234410000.000,0,0,0,0,0,1.174339E+07,0,0,0,0,0,0,0,0,0,1.459135E+07,0,0,0,0,0
2020-01-02 09:31:53,3070.43,272712.000,33265420000.000,0,0,0,0,0,1.013177E+07,0,0,0,0,0,0,0,0,0,1.266871E+07,0,0,0,0,0
2020-01-02 09:31:58,3070.04,361228.000,39574310000.000,0,0,0,0,0,1.022855E+07,0,0,0,0,0,0,0,0,0,1.274386E+07,0,0,0,0,0
2020-01-02 09:32:03,3069.79,420764.000,47446100000.000,0,0,0,0,0,1.032884E+07,0,0,0,0,0,0,0,0,0,1.26793E+07,0,0,0,0,0
2020-01-02 09:32:09,3070.43,334454.000,36156870000.000,0,0,0,0,0,1.0339E+07,0,0,0,0,0,0,0,0,0,1.267182E+07,0,0,0,0,0
2020-01-02 09:32:13,3070.35,352292.000,37787530000.000,0,0,0,0,0,1.040531E+07,0,0,0,0,0,0,0,0,0,1.261513E+07,0,0,0,0,0
2020-01-02 09:32:18,3070.67,388880.000,47382790000.000,0,0,0,0,0,1.045622E+07,0,0,0,0,0,0,0,0,0,1.266929E+07,0,0,0,0,0
2020-01-02 09:32:23,3071.24,324322.000,37887540000.000,0,0,0,0,0,1.045639E+07,0,0,0,0,0,0,0,0,0,1.265523E+07,0,0,0,0,0
2020-01-02 09:32:28,3070.86,385888.000,41028030000.000,0,0,0,0,0,1.057144E+07,0,0,0,0,0,0,0,0,0,1.261806E+07,0,0,0,0,0
2020-01-02 09:32:33,3071.72,385054.000,43230950000.000,0,0,0,0,0,1.060683E+07,0,0,0,0,0,0,0,0,0,1.269915E+07,0,0,0,0,0
2020-01-02 09:32:38,3071.69,315504.000,37851760000.000,0,0,0,0,0,1.062449E+07,0,0,0,0,0,0,0,0,0,1.267159E+07,0,0,0,0,0
2020-01-02 09:32:43,3071.88,308978.000,34029170000.000,0,0,0,0,0,1.065264E+07,0,0,0,0,0,0,0,0,0,1.261307E+07,0,0,0,0,0
2020-01-02 09:32:48,3071.69,524138.000,50180390000.000,0,0,0,0,0,1.066265E+07,0,0,0,0,0,0,0,0,0,1.247877E+07,0,0,0,0,0
2020-01-02 09:32:53,3072.46,277734.000,33584050000.000,0,0,0,0,0,1.070158E+07,0,0,0,0,0,0,0,0,0,1.24443E+07,0,0,0,0,0
2020-01-02 09:32:58,3072.9,323364.000,34319630000.000,0,0,0,0,0,1.063176E+07,0,0,0,0,0,0,0,0,0,1.247516E+07,0,0,0,0,0
2020-01-02 09:33:03,3072.48,331550.000,36989040000.000,0,0,0,0,0,1.066376E+07,0,0,0,0,0,0,0,0,0,1.254081E+07,0,0,0,0,0
2020-01-02 09:33:08,3073.2,350912.000,37308330000.000,0,0,0,0,0,1.070411E+07,0,0,0,0,0,0,0,0,0,1.2536E+07,0,0,0,0,0
2020-01-02 09:33:13,3073.45,371750.000,40773880000.000,0,0,0,0,0,1.062638E+07,0,0,0,0,0,0,0,0,0,1.257618E+07,0,0,0,0,0
2020-01-02 09:33:18,3073.5,374292.000,41018720000.000,0,0,0,0,0,1.064828E+07,0,0,0,0,0,0,0,0,0,1.258942E+07,0,0,0,0,0
2020-01-02 09:33:23,3073.26,327712.000,39640630000.000,0,0,0,0,0,1.063495E+07,0,0,0,0,0,0,0,0,0,1.259286E+07,0,0,0,0,0
2020-01-02 09:33:28,3073.29,378984.000,38052560000.000,0,0,0,0,0,1.060788E+07,0,0,0,0,0,0,0,0,0,1.262255E+07,0,0,0,0,0
2020-01-02 09:33:33,3073.21,383472.000,41878810000.000,0,0,0,0,0,1.062038E+07,0,0,0,0,0,0,0,0,0,1.265974E+07,0,0,0,0,0
2020-01-02 09:33:38,3073.63,320108.000,36046370000.000,0,0,0,0,0,1.064887E+07,0,0,0,0,0,0,0,0,0,1.265543E+07,0,0,0,0,0
2020-01-02 09:33:43,3073.24,345728.000,39258690000.000,0,0,0,0,0,1.062958E+07,0,0,0,0,0,0,0,0,0,1.263625E+07,0,0,0,0,0
2020-01-02 09:33:48,3073.73,375050.000,44401690000.000,0,0,0,0,0,1.062167E+07,0,0,0,0,0,0,0,0,0,1.264372E+07,0,0,0,0,0
2020-01-02 09:33:53,3073.62,295138.000,34603530000.000,0,0,0,0,0,1.068844E+07,0,0,0,0,0,0,0,0,0,1.265818E+07,0,0,0,0,0
2020-01-02 09:33:58,3073.31,278424.000,32192590000.000,0,0,0,0,0,1.071775E+07,0,0,0,0,0,0,0,0,0,1.271044E+07,0,0,0,0,0
2020-01-02 09:34:03,3073.11,386496.000,43426780000.000,0,0,0,0,0,1.079777E+07,0,0,0,0,0,0,0,0,0,1.273156E+07,0,0,0,0,0
2020-01-02 09:34:08,3073.38,297106.000,36544450000.000,0,0,0,0,0,1.081899E+07,0,0,0,0,0,0,0,0,0,1.273535E+07,0,0,0,0,0
2020-01-02 09:34:13,3072.9,297954.000,33641200000.000,0,0,0,0,0,1.086609E+07,0,0,0,0,0,0,0,0,0,1.273939E+07,0,0,0,0,0
2020-01-02 09:34:18,3073.13,386716.000,41333030000.000,0,0,0,0,0,1.082662E+07,0,0,0,0,0,0,0,0,0,1.273655E+07,0,0,0,0,0
2020-01-02 09:34:23,3073.06,270292.000,29427240000.000,0,0,0,0,0,1.085116E+07,0,0,0,0,0,0,0,0,0,1.273807E+07,0,0,0,0,0
2020-01-02 09:34:28,3073.58,267068.000,29090380000.000,0,0,0,0,0,1.089497E+07,0,0,0,0,0,0,0,0,0,1.278843E+07,0,0,0,0,0
2020-01-02 09:34:33,3072.73,364072.000,39727920000.000,0,0,0,0,0,1.098019E+07,0,0,0,0,0,0,0,0,0,1.275214E+07,0,0,0,0,0
2020-01-02 09:34:38,3072.86,266432.000,30061360000.000,0,0,0,0,0,1.09693E+07,0,0,0,0,0,0,0,0,0,1.274094E+07,0,0,0,0,0
2020-01-02 09:34:43,3072.17,262680.000,30460080000.000,0,0,0,0,0,1.102386E+07,0,0,0,0,0,0,0,0,0,1.283132E+07,0,0,0,0,0
2020-01-02 09:34:48,3072.34,291036.000,32995020000.000,0,0,0,0,0,1.104594E+07,0,0,0,0,0,0,0,0,0,1.301749E+07,0,0,0,0,0
2020-01-02 09:34:53,3071.4,250824.000,30980180000.000,0,0,0,0,0,1.108096E+07,0,0,0,0,0,0,0,0,0,1.300562E+07,0,0,0,0,0
2020-01-02 09:34:58,3072.04,260918.000,26722960000.000,0,0,0,0,0,1.116017E+07,0,0,0,0,0,0,0,0,0,1.297257E+07,0,0,0,0,0
2020-01-02 09:35:03,3070.97,305698.000,35307910000.000,0,0,0,0,0,1.111741E+07,0,0,0,0,0,0,0,0,0,1.306061E+07,0,0,0,0,0
2020-01-02 09:35:08,3070.32,265502.000,31472480000.000,0,0,0,0,0,1.116796E+07,0,0,0,0,0,0,0,0,0,1.305345E+07,0,0,0,0,0
2020-01-02 09:35:13,3070.6,301414.000,32923450000.000,0,0,0,0,0,1.121229E+07,0,0,0,0,0,0,0,0,0,1.299405E+07,0,0,0,0,0
2020-01-02 09:35:18,3070.52,310304.000,33839910000.000,0,0,0,0,0,1.121527E+07,0,0,0,0,0,0,0,0,0,1.300287E+07,0,0,0,0,0
2020-01-02 09:35:23,3070.42,228816.000,26097220000.000,0,0,0,0,0,1.122963E+07,0,0,0,0,0,0,0,0,0,1.303755E+07,0,0,0,0,0
2020-01-02 09:35:28,3070.47,248228.000,27789100000.000,0,0,0,0,0,1.12714E+07,0,0,0,0,0,0,0,0,0,1.307715E+07,0,0,0,0,0
2020-01-02 09:35:33,3070.55,325344.000,34772620000.000,0,0,0,0,0,1.131036E+07,0,0,0,0,0,0,0,0,0,1.318824E+07,0,0,0,0,0
2020-01-02 09:35:38,3070.22,230520.000,26373000000.000,0,0,0,0,0,1.132504E+07,0,0,0,0,0,0,0,0,0,1.320605E+07,0,0,0,0,0
2020-01-02 09:35:43,3070.36,319588.000,32656060000.000,0,0,0,0,0,1.130331E+07,0,0,0,0,0,0,0,0,0,1.319555E+07,0,0,0,0,0
2020-01-02 09:35:48,3070.89,315674.000,30584080000.000,0,0,0,0,0,1.127661E+07,0,0,0,0,0,0,0,0,0,1.329039E+07,0,0,0,0,0
2020-01-02 09:35:53,3070.42,236758.000,26545750000.000,0,0,0,0,0,1.133602E+07,0,0,0,0,0,0,0,0,0,1.315366E+07,0,0,0,0,0
2020-01-02 09:35:58,3070.6,237832.000,28186250000.000,0,0,0,0,0,1.140976E+07,0,0,0,0,0,0,0,0,0,1.319852E+07,0,0,0,0,0
2020-01-02 09:36:03,3070.6,305488.000,33624160000.000,0,0,0,0,0,1.148606E+07,0,0,0,0,0,0,0,0,0,1.31806E+07,0,0,0,0,0
2020-01-02 09:36:08,3070.88,278970.000,34518860000.000,0,0,0,0,0,1.150946E+07,0,0,0,0,0,0,0,0,0,1.315948E+07,0,0,0,0,0
2020-01-02 09:36:13,3071.43,309922.000,32563790000.000,0,0,0,0,0,1.153598E+07,0,0,0,0,0,0,0,0,0,1.313083E+07,0,0,0,0,0
2020-01-02 09:36:18,3071.65,354596.000,34838150000.000,0,0,0,0,0,1.151073E+07,0,0,0,0,0,0,0,0,0,1.313918E+07,0,0,0,0,0
2020-01-02 09:36:23,3072.21,301056.000,37320650000.000,0,0,0,0,0,1.156509E+07,0,0,0,0,0,0,0,0,0,1.311551E+07,0,0,0,0,0
2020-01-02 09:36:29,3072.55,294384.000,28562690000.000,0,0,0,0,0,1.157371E+07,0,0,0,0,0,0,0,0,0,1.308092E+07,0,0,0,0,0
2020-01-02 09:36:33,3073.36,390360.000,38732820000.000,0,0,0,0,0,1.153356E+07,0,0,0,0,0,0,0,0,0,1.29815E+07,0,0,0,0,0
2020-01-02 09:36:38,3073.78,283108.000,31354260000.000,0,0,0,0,0,1.164313E+07,0,0,0,0,0,0,0,0,0,1.290791E+07,0,0,0,0,0
2020-01-02 09:36:43,3073.56,260132.000,28680390000.000,0,0,0,0,0,1.165421E+07,0,0,0,0,0,0,0,0,0,1.287803E+07,0,0,0,0,0
2020-01-02 09:36:48,3074.16,311732.000,34293420000.000,0,0,0,0,0,1.169516E+07,0,0,0,0,0,0,0,0,0,1.287208E+07,0,0,0,0,0
2020-01-02 09:36:53,3074.07,278688.000,27992000000.000,0,0,0,0,0,1.175244E+07,0,0,0,0,0,0,0,0,0,1.288016E+07,0,0,0,0,0
2020-01-02 09:36:58,3074.12,223884.000,23148360000.000,0,0,0,0,0,1.175236E+07,0,0,0,0,0,0,0,0,0,1.301345E+07,0,0,0,0,0
2020-01-02 09:37:03,3074.78,308488.000,33136570000.000,0,0,0,0,0,1.174623E+07,0,0,0,0,0,0,0,0,0,1.295618E+07,0,0,0,0,0
2020-01-02 09:37:08,3075.22,246372.000,26715360000.000,0,0,0,0,0,1.176482E+07,0,0,0,0,0,0,0,0,0,1.299354E+07,0,0,0,0,0
2020-01-02 09:37:13,3074.88,219776.000,25480400000.000,0,0,0,0,0,1.170583E+07,0,0,0,0,0,0,0,0,0,1.297166E+07,0,0,0,0,0
2020-01-02 09:37:19,3075.42,396408.000,37836820000.000,0,0,0,0,0,1.17243E+07,0,0,0,0,0,0,0,0,0,1.295134E+07,0,0,0,0,0
2020-01-02 09:37:23,3075.78,213940.000,25458900000.000,0,0,0,0,0,1.172164E+07,0,0,0,0,0,0,0,0,0,1.296046E+07,0,0,0,0,0
2020-01-02 09:37:29,3075.65,225592.000,23505400000.000,0,0,0,0,0,1.177796E+07,0,0,0,0,0,0,0,0,0,1.302486E+07,0,0,0,0,0
2020-01-02 09:37:33,3075.8,263008.000,32631690000.000,0,0,0,0,0,1.178379E+07,0,0,0,0,0,0,0,0,0,1.303797E+07,0,0,0,0,0
2020-01-02 09:37:38,3075.9,250120.000,25647910000.000,0,0,0,0,0,1.179574E+07,0,0,0,0,0,0,0,0,0,1.303175E+07,0,0,0,0,0
2020-01-02 09:37:43,3075.77,235712.000,24800400000.000,0,0,0,0,0,1.179899E+07,0,0,0,0,0,0,0,0,0,1.314568E+07,0,0,0,0,0
2020-01-02 09:37:48,3075.62,270828.000,29003870000.000,0,0,0,0,0,1.186221E+07,0,0,0,0,0,0,0,0,0,1.316021E+07,0,0,0,0,0
2020-01-02 09:37:53,3075.84,282112.000,29205200000.000,0,0,0,0,0,1.180518E+07,0,0,0,0,0,0,0,0,0,1.317898E+07,0,0,0,0,0
2020-01-02 09:37:58,3076.03,251932.000,25160580000.000,0,0,0,0,0,1.181313E+07,0,0,0,0,0,0,0,0,0,1.325746E+07,0,0,0,0,0
2020-01-02 09:38:03,3076.21,270456.000,27724870000.000,0,0,0,0,0,1.185572E+07,0,0,0,0,0,0,0,0,0,1.348991E+07,0,0,0,0,0
2020-01-02 09:38:08,3076.1,188076.000,22485660000.000,0,0,0,0,0,1.193004E+07,0,0,0,0,0,0,0,0,0,1.353124E+07,0,0,0,0,0
2020-01-02 09:38:13,3075.79,256988.000,27161260000.000,0,0,0,0,0,1.200337E+07,0,0,0,0,0,0,0,0,0,1.35582E+07,0,0,0,0,0
2020-01-02 09:38:18,3075.75,250088.000,27749520000.000,0,0,0,0,0,1.198375E+07,0,0,0,0,0,0,0,0,0,1.366928E+07,0,0,0,0,0
2020-01-02 09:38:23,3075.7,195468.000,22475700000.000,0,0,0,0,0,1.201368E+07,0,0,0,0,0,0,0,0,0,1.366735E+07,0,0,0,0,0
2020-01-02 09:38:28,3075.63,208832.000,23549970000.000,0,0,0,0,0,1.204702E+07,0,0,0,0,0,0,0,0,0,1.372016E+07,0,0,0,0,0
2020-01-02 09:38:33,3075.48,277164.000,31023170000.000,0,0,0,0,0,1.208872E+07,0,0,0,0,0,0,0,0,0,1.372167E+07,0,0,0,0,0
2020-01-02 09:38:38,3075.92,204512.000,24271910000.000,0,0,0,0,0,1.211839E+07,0,0,0,0,0,0,0,0,0,1.373133E+07,0,0,0,0,0
2020-01-02 09:38:43,3075.22,208964.000,23641720000.000,0,0,0,0,0,1.213359E+07,0,0,0,0,0,0,0,0,0,1.378845E+07,0,0,0,0,0
2020-01-02 09:38:48,3076.13,237996.000,29083300000.000,0,0,0,0,0,1.221481E+07,0,0,0,0,0,0,0,0,0,1.382798E+07,0,0,0,0,0
2020-01-02 09:38:53,3074.78,199484.000,24540870000.000,0,0,0,0,0,1.225615E+07,0,0,0,0,0,0,0,0,0,1.383157E+07,0,0,0,0,0
2020-01-02 09:38:58,3075.44,251924.000,26600280000.000,0,0,0,0,0,1.223005E+07,0,0,0,0,0,0,0,0,0,1.390113E+07,0,0,0,0,0
2020-01-02 09:39:03,3074.63,263772.000,26953650000.000,0,0,0,0,0,1.233742E+07,0,0,0,0,0,0,0,0,0,1.387392E+07,0,0,0,0,0
2020-01-02 09:39:08,3075.21,197864.000,24140840000.000,0,0,0,0,0,1.23368E+07,0,0,0,0,0,0,0,0,0,1.403002E+07,0,0,0,0,0
2020-01-02 09:39:13,3075.02,229888.000,23857730000.000,0,0,0,0,0,1.241273E+07,0,0,0,0,0,0,0,0,0,1.402704E+07,0,0,0,0,0
2020-01-02 09:39:18,3074.22,259760.000,28605150000.000,0,0,0,0,0,1.241645E+07,0,0,0,0,0,0,0,0,0,1.407009E+07,0,0,0,0,0
2020-01-02 09:39:23,3075.02,190160.000,21345860000.000,0,0,0,0,0,1.239866E+07,0,0,0,0,0,0,0,0,0,1.408884E+07,0,0,0,0,0
2020-01-02 09:39:28,3075.25,222712.000,25149570000.000,0,0,0,0,0,1.241042E+07,0,0,0,0,0,0,0,0,0,1.412557E+07,0,0,0,0,0
2020-01-02 09:39:33,3075.38,273224.000,33710150000.000,0,0,0,0,0,1.237116E+07,0,0,0,0,0,0,0,0,0,1.417549E+07,0,0,0,0,0
2020-01-02 09:39:38,3075.53,193532.000,22603630000.000,0,0,0,0,0,1.240709E+07,0,0,0,0,0,0,0,0,0,1.417852E+07,0,0,0,0,0
2020-01-02 09:39:43,3075.91,232412.000,26391090000.000,0,0,0,0,0,1.246696E+07,0,0,0,0,0,0,0,0,0,1.412464E+07,0,0,0,0,0
2020-01-02 09:39:48,3075.79,255780.000,31139560000.000,0,0,0,0,0,1.252114E+07,0,0,0,0,0,0,0,0,0,1.412031E+07,0,0,0,0,0
2020-01-02 09:39:53,3076.03,215996.000,24212140000.000,0,0,0,0,0,1.247889E+07,0,0,0,0,0,0,0,0,0,1.414098E+07,0,0,0,0,0
2020-01-02 09:39:58,3075.97,215304.000,23424140000.000,0,0,0,0,0,1.248429E+07,0,0,0,0,0,0,0,0,0,1.424348E+07,0,0,0,0,0
2020-01-02 09:40:03,3075.63,264488.000,36806070000.000,0,0,0,0,0,1.25089E+07,0,0,0,0,0,0,0,0,0,1.422811E+07,0,0,0,0,0
2020-01-02 09:40:08,3075.9,243168.000,25484070000.000,0,0,0,0,0,1.252521E+07,0,0,0,0,0,0,0,0,0,1.421799E+07,0,0,0,0,0
2020-01-02 09:40:13,3076.27,231680.000,26805800000.000,0,0,0,0,0,1.258371E+07,0,0,0,0,0,0,0,0,0,1.425472E+07,0,0,0,0,0
2020-01-02 09:40:18,3076.02,269256.000,29372190000.000,0,0,0,0,0,1.255848E+07,0,0,0,0,0,0,0,0,0,1.430494E+07,0,0,0,0,0
2020-01-02 09:40:23,3075.95,207296.000,22706390000.000,0,0,0,0,0,1.260005E+07,0,0,0,0,0,0,0,0,0,1.427142E+07,0,0,0,0,0
2020-01-02 09:40:28,3076.01,203896.000,22499300000.000,0,0,0,0,0,1.26104E+07,0,0,0,0,0,0,0,0,0,1.421924E+07,0,0,0,0,0
2020-01-02 09:40:33,3076.39,256048.000,26177180000.000,0,0,0,0,0,1.262588E+07,0,0,0,0,0,0,0,0,0,1.426949E+07,0,0,0,0,0
2020-01-02 09:40:38,3075.19,180404.000,20580400000.000,0,0,0,0,0,1.262749E+07,0,0,0,0,0,0,0,0,0,1.429846E+07,0,0,0,0,0
2020-01-02 09:40:43,3075.89,181144.000,19426440000.000,0,0,0,0,0,1.263699E+07,0,0,0,0,0,0,0,0,0,1.432566E+07,0,0,0,0,0
2020-01-02 09:40:48,3075.74,241548.000,30671900000.000,0,0,0,0,0,1.267143E+07,0,0,0,0,0,0,0,0,0,1.44178E+07,0,0,0,0,0
2020-01-02 09:40:53,3075.95,199668.000,21535130000.000,0,0,0,0,0,1.271485E+07,0,0,0,0,0,0,0,0,0,1.430563E+07,0,0,0,0,0
2020-01-02 09:40:58,3075.2,193716.000,20342370000.000,0,0,0,0,0,1.269625E+07,0,0,0,0,0,0,0,0,0,1.436297E+07,0,0,0,0,0
2020-01-02 09:41:03,3075.11,255536.000,28710010000.000,0,0,0,0,0,1.271763E+07,0,0,0,0,0,0,0,0,0,1.432601E+07,0,0,0,0,0
2020-01-02 09:41:08,3075.5,204616.000,21749040000.000,0,0,0,0,0,1.269664E+07,0,0,0,0,0,0,0,0,0,1.433341E+07,0,0,0,0,0
2020-01-02 09:41:14,3075.59,210940.000,22070950000.000,0,0,0,0,0,1.266913E+07,0,0,0,0,0,0,0,0,0,1.441915E+07,0,0,0,0,0
2020-01-02 09:41:18,3075.61,244548.000,30639920000.000,0,0,0,0,0,1.271644E+07,0,0,0,0,0,0,0,0,0,1.444005E+07,0,0,0,0,0
2020-01-02 09:41:23,3075.3,175408.000,20856180000.000,0,0,0,0,0,1.277817E+07,0,0,0,0,0,0,0,0,0,1.440452E+07,0,0,0,0,0
2020-01-02 09:41:28,3075.61,190876.000,20598750000.000,0,0,0,0,0,1.280132E+07,0,0,0,0,0,0,0,0,0,1.435672E+07,0,0,0,0,0
2020-01-02 09:41:33,3075.17,192080.000,25098720000.000,0,0,0,0,0,1.284292E+07,0,0,0,0,0,0,0,0,0,1.439635E+07,0,0,0,0,0
2020-01-02 09:41:38,3074.98,181300.000,20856180000.000,0,0,0,0,0,1.282988E+07,0,0,0,0,0,0,0,0,0,1.441226E+07,0,0,0,0,0
2020-01-02 09:41:43,3075.06,168508.000,16917730000.000,0,0,0,0,0,1.287118E+07,0,0,0,0,0,0,0,0,0,1.442469E+07,0,0,0,0,0
2020-01-02 09:41:48,3074.86,225396.000,23311420000.000,0,0,0,0,0,1.292368E+07,0,0,0,0,0,0,0,0,0,1.443108E+07,0,0,0,0,0
2020-01-02 09:41:53,3074.59,194820.000,20353910000.000,0,0,0,0,0,1.292637E+07,0,0,0,0,0,0,0,0,0,1.443662E+07,0,0,0,0,0
2020-01-02 09:41:58,3074.95,186100.000,20018890000.000,0,0,0,0,0,1.288136E+07,0,0,0,0,0,0,0,0,0,1.449447E+07,0,0,0,0,0
2020-01-02 09:42:03,3074.27,218748.000,25706890000.000,0,0,0,0,0,1.296164E+07,0,0,0,0,0,0,0,0,0,1.449221E+07,0,0,0,0,0
2020-01-02 09:42:08,3074.14,181944.000,22921350000.000,0,0,0,0,0,1.299129E+07,0,0,0,0,0,0,0,0,0,1.451528E+07,0,0,0,0,0
2020-01-02 09:42:13,3074.16,156788.000,16499340000.000,0,0,0,0,0,1.305709E+07,0,0,0,0,0,0,0,0,0,1.451072E+07,0,0,0,0,0
2020-01-02 09:42:18,3073.71,284472.000,28410640000.000,0,0,0,0,0,1.302782E+07,0,0,0,0,0,0,0,0,0,1.449525E+07,0,0,0,0,0
2020-01-02 09:42:23,3074.49,204712.000,22662350000.000,0,0,0,0,0,1.311617E+07,0,0,0,0,0,0,0,0,0,1.450951E+07,0,0,0,0,0
2020-01-02 09:42:28,3074.77,206592.000,21457530000.000,0,0,0,0,0,1.315252E+07,0,0,0,0,0,0,0,0,0,1.455738E+07,0,0,0,0,0
2020-01-02 09:42:33,3074.78,198964.000,21854420000.000,0,0,0,0,0,1.319774E+07,0,0,0,0,0,0,0,0,0,1.457568E+07,0,0,0,0,0
2020-01-02 09:42:38,3073.68,167156.000,17681090000.000,0,0,0,0,0,1.320881E+07,0,0,0,0,0,0,0,0,0,1.456602E+07,0,0,0,0,0
2020-01-02 09:42:43,3074.09,217424.000,21665150000.000,0,0,0,0,0,1.323136E+07,0,0,0,0,0,0,0,0,0,1.457961E+07,0,0,0,0,0
2020-01-02 09:42:48,3074.81,221384.000,23857730000.000,0,0,0,0,0,1.323317E+07,0,0,0,0,0,0,0,0,0,1.452882E+07,0,0,0,0,0
2020-01-02 09:42:53,3074.19,198252.000,21372080000.000,0,0,0,0,0,1.321991E+07,0,0,0,0,0,0,0,0,0,1.454649E+07,0,0,0,0,0
2020-01-02 09:42:58,3074.33,201076.000,19067830000.000,0,0,0,0,0,1.31609E+07,0,0,0,0,0,0,0,0,0,1.454625E+07,0,0,0,0,0
2020-01-02 09:43:03,3074.15,319432.000,28116520000.000,0,0,0,0,0,1.309514E+07,0,0,0,0,0,0,0,0,0,1.451066E+07,0,0,0,0,0
2020-01-02 09:43:08,3074.5,178928.000,24138740000.000,0,0,0,0,0,1.308719E+07,0,0,0,0,0,0,0,0,0,1.457225E+07,0,0,0,0,0
2020-01-02 09:43:13,3074.69,196448.000,21446520000.000,0,0,0,0,0,1.309662E+07,0,0,0,0,0,0,0,0,0,1.460365E+07,0,0,0,0,0
2020-01-02 09:43:18,3074.83,226884.000,25358240000.000,0,0,0,0,0,1.310816E+07,0,0,0,0,0,0,0,0,0,1.468405E+07,0,0,0,0,0
2020-01-02 09:43:23,3074.53,194932.000,22336240000.000,0,0,0,0,0,1.31385E+07,0,0,0,0,0,0,0,0,0,1.465877E+07,0,0,0,0,0
2020-01-02 09:43:28,3074.65,192348.000,21237860000.000,0,0,0,0,0,1.316297E+07,0,0,0,0,0,0,0,0,0,1.465778E+07,0,0,0,0,0
2020-01-02 09:43:33,3074.03,206644.000,23888660000.000,0,0,0,0,0,1.319756E+07,0,0,0,0,0,0,0,0,0,1.468421E+07,0,0,0,0,0
2020-01-02 09:43:38,3074.26,170024.000,21645750000.000,0,0,0,0,0,1.319443E+07,0,0,0,0,0,0,0,0,0,1.466783E+07,0,0,0,0,0
2020-01-02 09:43:43,3073.99,183224.000,20849890000.000,0,0,0,0,0,1.323749E+07,0,0,0,0,0,0,0,0,0,1.465619E+07,0,0,0,0,0
2020-01-02 09:43:48,3074.28,240564.000,27862760000.000,0,0,0,0,0,1.325008E+07,0,0,0,0,0,0,0,0,0,1.4795E+07,0,0,0,0,0
2020-01-02 09:43:54,3073.89,169636.000,20631780000.000,0,0,0,0,0,1.326717E+07,0,0,0,0,0,0,0,0,0,1.482399E+07,0,0,0,0,0
2020-01-02 09:43:58,3073.42,165196.000,17645960000.000,0,0,0,0,0,1.322752E+07,0,0,0,0,0,0,0,0,0,1.483483E+07,0,0,0,0,0
2020-01-02 09:44:03,3073.52,196828.000,22704290000.000,0,0,0,0,0,1.328963E+07,0,0,0,0,0,0,0,0,0,1.484457E+07,0,0,0,0,0
2020-01-02 09:44:08,3073.23,165612.000,20408960000.000,0,0,0,0,0,1.330397E+07,0,0,0,0,0,0,0,0,0,1.486794E+07,0,0,0,0,0
2020-01-02 09:44:13,3072.93,167812.000,18434490000.000,0,0,0,0,0,1.337124E+07,0,0,0,0,0,0,0,0,0,1.487243E+07,0,0,0,0,0
2020-01-02 09:44:19,3072.73,203408.000,22713730000.000,0,0,0,0,0,1.345849E+07,0,0,0,0,0,0,0,0,0,1.483272E+07,0,0,0,0,0
2020-01-02 09:44:23,3072.71,171524.000,19323160000.000,0,0,0,0,0,1.343267E+07,0,0,0,0,0,0,0,0,0,1.486226E+07,0,0,0,0,0
2020-01-02 09:44:28,3072.63,169436.000,19548600000.000,0,0,0,0,0,1.351399E+07,0,0,0,0,0,0,0,0,0,1.483316E+07,0,0,0,0,0
2020-01-02 09:44:33,3072.26,242328.000,25926570000.000,0,0,0,0,0,1.352404E+07,0,0,0,0,0,0,0,0,0,1.483339E+07,0,0,0,0,0
2020-01-02 09:44:38,3072.35,179452.000,20396380000.000,0,0,0,0,0,1.354179E+07,0,0,0,0,0,0,0,0,0,1.484278E+07,0,0,0,0,0
2020-01-02 09:44:44,3071.97,172540.000,18045470000.000,0,0,0,0,0,1.360562E+07,0,0,0,0,0,0,0,0,0,1.483217E+07,0,0,0,0,0
2020-01-02 09:44:48,3071.39,279520.000,28586800000.000,0,0,0,0,0,1.359754E+07,0,0,0,0,0,0,0,0,0,1.480126E+07,0,0,0,0,0
2020-01-02 09:44:53,3071.08,237680.000,24997000000.000,0,0,0,0,0,1.353705E+07,0,0,0,0,0,0,0,0,0,1.475013E+07,0,0,0,0,0
2020-01-02 09:44:58,3071.12,197224.000,20116930000.000,0,0,0,0,0,1.352832E+07,0,0,0,0,0,0,0,0,0,1.473064E+07,0,0,0,0,0
2020-01-02 09:45:03,3071.14,276376.000,27026000000.000,0,0,0,0,0,1.351139E+07,0,0,0,0,0,0,0,0,0,1.474321E+07,0,0,0,0,0
2020-01-02 09:45:08,3070.54,189408.000,21406680000.000,0,0,0,0,0,1.357944E+07,0,0,0,0,0,0,0,0,0,1.471794E+07,0,0,0,0,0
2020-01-02 09:45:13,3070.59,194192.000,21245720000.000,0,0,0,0,0,1.356671E+07,0,0,0,0,0,0,0,0,0,1.474436E+07,0,0,0,0,0
2020-01-02 09:45:18,3070.13,248196.000,26451380000.000,0,0,0,0,0,1.353877E+07,0,0,0,0,0,0,0,0,0,1.479783E+07,0,0,0,0,0
2020-01-02 09:45:23,3070.05,148396.000,17666930000.000,0,0,0,0,0,1.35656E+07,0,0,0,0,0,0,0,0,0,1.481824E+07,0,0,0,0,0
2020-01-02 09:45:28,3070.61,159220.000,17641240000.000,0,0,0,0,0,1.366648E+07,0,0,0,0,0,0,0,0,0,1.481552E+07,0,0,0,0,0
2020-01-02 09:45:33,3070.53,220008.000,25799160000.000,0,0,0,0,0,1.375247E+07,0,0,0,0,0,0,0,0,0,1.478021E+07,0,0,0,0,0
2020-01-02 09:45:38,3070.41,164924.000,20573060000.000,0,0,0,0,0,1.382374E+07,0,0,0,0,0,0,0,0,0,1.474015E+07,0,0,0,0,0
2020-01-02 09:45:43,3070.39,146688.000,16676030000.000,0,0,0,0,0,1.381144E+07,0,0,0,0,0,0,0,0,0,1.475364E+07,0,0,0,0,0
2020-01-02 09:45:48,3070.42,220344.000,23776460000.000,0,0,0,0,0,1.382339E+07,0,0,0,0,0,0,0,0,0,1.473532E+07,0,0,0,0,0
2020-01-02 09:45:53,3070.47,158188.000,17491300000.000,0,0,0,0,0,1.386162E+07,0,0,0,0,0,0,0,0,0,1.471797E+07,0,0,0,0,0
2020-01-02 09:45:58,3070.48,151004.000,17622370000.000,0,0,0,0,0,1.393084E+07,0,0,0,0,0,0,0,0,0,1.468488E+07,0,0,0,0,0
2020-01-02 09:46:03,3070.53,228648.000,24373620000.000,0,0,0,0,0,1.388101E+07,0,0,0,0,0,0,0,0,0,1.467722E+07,0,0,0,0,0
2020-01-02 09:46:08,3070.83,145892.000,18862310000.000,0,0,0,0,0,1.388204E+07,0,0,0,0,0,0,0,0,0,1.466778E+07,0,0,0,0,0
2020-01-02 09:46:13,3070.26,155180.000,17351310000.000,0,0,0,0,0,1.383529E+07,0,0,0,0,0,0,0,0,0,1.473904E+07,0,0,0,0,0
2020-01-02 09:46:18,3070.7,212088.000,23869780000.000,0,0,0,0,0,1.392687E+07,0,0,0,0,0,0,0,0,0,1.47558E+07,0,0,0,0,0
2020-01-02 09:46:23,3070.45,145688.000,18230540000.000,0,0,0,0,0,1.398841E+07,0,0,0,0,0,0,0,0,0,1.474331E+07,0,0,0,0,0
2020-01-02 09:46:28,3070.73,180584.000,18673040000.000,0,0,0,0,0,1.41257E+07,0,0,0,0,0,0,0,0,0,1.471597E+07,0,0,0,0,0
2020-01-02 09:46:34,3070.98,192704.000,22637710000.000,0,0,0,0,0,1.415081E+07,0,0,0,0,0,0,0,0,0,1.473107E+07,0,0,0,0,0
2020-01-02 09:46:38,3070.4,151000.000,17717790000.000,0,0,0,0,0,1.411159E+07,0,0,0,0,0,0,0,0,0,1.476223E+07,0,0,0,0,0
2020-01-02 09:46:43,3071.24,131668.000,15035010000.000,0,0,0,0,0,1.413757E+07,0,0,0,0,0,0,0,0,0,1.480296E+07,0,0,0,0,0
2020-01-02 09:46:48,3070.95,197716.000,21565540000.000,0,0,0,0,0,1.41332E+07,0,0,0,0,0,0,0,0,0,1.488903E+07,0,0,0,0,0
2020-01-02 09:46:53,3070.68,136092.000,15661010000.000,0,0,0,0,0,1.420896E+07,0,0,0,0,0,0,0,0,0,1.48475E+07,0,0,0,0,0
2020-01-02 09:46:58,3070.61,123420.000,13876850000.000,0,0,0,0,0,1.415147E+07,0,0,0,0,0,0,0,0,0,1.490206E+07,0,0,0,0,0
2020-01-02 09:47:03,3071.15,171284.000,20997730000.000,0,0,0,0,0,1.428393E+07,0,0,0,0,0,0,0,0,0,1.477908E+07,0,0,0,0,0
2020-01-02 09:47:08,3070.74,142516.000,17729850000.000,0,0,0,0,0,1.428731E+07,0,0,0,0,0,0,0,0,0,1.476962E+07,0,0,0,0,0
2020-01-02 09:47:13,3071.11,159312.000,16184770000.000,0,0,0,0,0,1.432923E+07,0,0,0,0,0,0,0,0,0,1.478559E+07,0,0,0,0,0
2020-01-02 09:47:18,3071.08,196180.000,22567980000.000,0,0,0,0,0,1.443221E+07,0,0,0,0,0,0,0,0,0,1.475916E+07,0,0,0,0,0
2020-01-02 09:47:23,3070.69,176608.000,18323870000.000,0,0,0,0,0,1.434339E+07,0,0,0,0,0,0,0,0,0,1.479067E+07,0,0,0,0,0
2020-01-02 09:47:28,3071.14,134204.000,14824240000.000,0,0,0,0,0,1.439833E+07,0,0,0,0,0,0,0,0,0,1.478742E+07,0,0,0,0,0
2020-01-02 09:47:33,3071.72,204900.000,22321560000.000,0,0,0,0,0,1.447553E+07,0,0,0,0,0,0,0,0,0,1.480474E+07,0,0,0,0,0
2020-01-02 09:47:38,3071.33,136932.000,17284730000.000,0,0,0,0,0,1.439575E+07,0,0,0,0,0,0,0,0,0,1.482047E+07,0,0,0,0,0
2020-01-02 09:47:43,3072.21,142800.000,16397630000.000,0,0,0,0,0,1.447552E+07,0,0,0,0,0,0,0,0,0,1.48285E+07,0,0,0,0,0
2020-01-02 09:47:48,3072.1,175400.000,24116720000.000,0,0,0,0,0,1.450815E+07,0,0,0,0,0,0,0,0,0,1.483826E+07,0,0,0,0,0
2020-01-02 09:47:53,3071.9,126984.000,16179530000.000,0,0,0,0,0,1.452112E+07,0,0,0,0,0,0,0,0,0,1.484079E+07,0,0,0,0,0
2020-01-02 09:47:58,3072.06,127004.000,14804840000.000,0,0,0,0,0,1.453197E+07,0,0,0,0,0,0,0,0,0,1.486751E+07,0,0,0,0,0
2020-01-02 09:48:03,3072.32,177392.000,22370840000.000,0,0,0,0,0,1.45462E+07,0,0,0,0,0,0,0,0,0,1.485215E+07,0,0,0,0,0
2020-01-02 09:48:08,3072.7,137924.000,17732470000.000,0,0,0,0,0,1.456329E+07,0,0,0,0,0,0,0,0,0,1.486473E+07,0,0,0,0,0
2020-01-02 09:48:13,3072.27,118808.000,17152080000.000,0,0,0,0,0,1.45767E+07,0,0,0,0,0,0,0,0,0,1.487673E+07,0,0,0,0,0
2020-01-02 09:48:18,3072.35,155024.000,21789410000.000,0,0,0,0,0,1.45277E+07,0,0,0,0,0,0,0,0,0,1.494832E+07,0,0,0,0,0
2020-01-02 09:48:23,3072.84,141780.000,16165900000.000,0,0,0,0,0,1.454767E+07,0,0,0,0,0,0,0,0,0,1.496502E+07,0,0,0,0,0
2020-01-02 09:48:28,3072.92,133980.000,15716580000.000,0,0,0,0,0,1.451897E+07,0,0,0,0,0,0,0,0,0,1.499788E+07,0,0,0,0,0
2020-01-02 09:48:33,3072.88,188872.000,20201870000.000,0,0,0,0,0,1.45407E+07,0,0,0,0,0,0,0,0,0,1.500327E+07,0,0,0,0,0
2020-01-02 09:48:38,3072.39,137528.000,15879630000.000,0,0,0,0,0,1.456796E+07,0,0,0,0,0,0,0,0,0,1.504361E+07,0,0,0,0,0
2020-01-02 09:48:43,3072.43,145976.000,17629180000.000,0,0,0,0,0,1.450773E+07,0,0,0,0,0,0,0,0,0,1.505021E+07,0,0,0,0,0
2020-01-02 09:48:48,3072.69,173364.000,21035480000.000,0,0,0,0,0,1.450373E+07,0,0,0,0,0,0,0,0,0,1.505798E+07,0,0,0,0,0
2020-01-02 09:48:53,3072.67,148820.000,16665020000.000,0,0,0,0,0,1.451997E+07,0,0,0,0,0,0,0,0,0,1.506234E+07,0,0,0,0,0
2020-01-02 09:48:58,3072.36,109688.000,13277590000.000,0,0,0,0,0,1.4504E+07,0,0,0,0,0,0,0,0,0,1.50576E+07,0,0,0,0,0
2020-01-02 09:49:03,3072.47,170632.000,18816170000.000,0,0,0,0,0,1.456249E+07,0,0,0,0,0,0,0,0,0,1.50612E+07,0,0,0,0,0
2020-01-02 09:49:08,3072.83,140500.000,15604910000.000,0,0,0,0,0,1.458498E+07,0,0,0,0,0,0,0,0,0,1.505711E+07,0,0,0,0,0
2020-01-02 09:49:13,3072.44,127116.000,14000060000.000,0,0,0,0,0,1.45974E+07,0,0,0,0,0,0,0,0,0,1.503507E+07,0,0,0,0,0
2020-01-02 09:49:18,3072.34,164372.000,19433780000.000,0,0,0,0,0,1.460097E+07,0,0,0,0,0,0,0,0,0,1.501429E+07,0,0,0,0,0
2020-01-02 09:49:23,3072.24,123440.000,14269020000.000,0,0,0,0,0,1.466579E+07,0,0,0,0,0,0,0,0,0,1.497341E+07,0,0,0,0,0
2020-01-02 09:49:28,3072.64,112788.000,13222540000.000,0,0,0,0,0,1.466416E+07,0,0,0,0,0,0,0,0,0,1.498E+07,0,0,0,0,0
2020-01-02 09:49:33,3073.08,163948.000,20475020000.000,0,0,0,0,0,1.469796E+07,0,0,0,0,0,0,0,0,0,1.496711E+07,0,0,0,0,0
2020-01-02 09:49:38,3072.87,124732.000,15636890000.000,0,0,0,0,0,1.470043E+07,0,0,0,0,0,0,0,0,0,1.495708E+07,0,0,0,0,0
2020-01-02 09:49:43,3072.76,125792.000,14872480000.000,0,0,0,0,0,1.468659E+07,0,0,0,0,0,0,0,0,0,1.496709E+07,0,0,0,0,0
2020-01-02 09:49:48,3072.9,185432.000,19584780000.000,0,0,0,0,0,1.465252E+07,0,0,0,0,0,0,0,0,0,1.493081E+07,0,0,0,0,0
2020-01-02 09:49:53,3072.9,144120.000,16148070000.000,0,0,0,0,0,1.701677E+07,0,0,0,0,0,0,0,0,0,1.704326E+07,0,0,0,0,0
2020-01-02 09:49:58,3072.73,137048.000,15557720000.000,0,0,0,0,0,1.474286E+07,0,0,0,0,0,0,0,0,0,1.492529E+07,0,0,0,0,0
2020-01-02 09:50:03,3072.7,177304.000,20883440000.000,0,0,0,0,0,1.473445E+07,0,0,0,0,0,0,0,0,0,1.494436E+07,0,0,0,0,0
2020-01-02 09:50:08,3073.48,150184.000,17722510000.000,0,0,0,0,0,1.472385E+07,0,0,0,0,0,0,0,0,0,1.495872E+07,0,0,0,0,0
2020-01-02 09:50:13,3074.18,153808.000,19690680000.000,0,0,0,0,0,1.473365E+07,0,0,0,0,0,0,0,0,0,1.498257E+07,0,0,0,0,0
2020-01-02 09:50:18,3073.84,189928.000,20875580000.000,0,0,0,0,0,1.470781E+07,0,0,0,0,0,0,0,0,0,1.505579E+07,0,0,0,0,0
2020-01-02 09:50:23,3073.78,139712.000,16090920000.000,0,0,0,0,0,1.470587E+07,0,0,0,0,0,0,0,0,0,1.504234E+07,0,0,0,0,0
2020-01-02 09:50:28,3073.7,111712.000,13757320000.000,0,0,0,0,0,1.47295E+07,0,0,0,0,0,0,0,0,0,1.507767E+07,0,0,0,0,0
2020-01-02 09:50:33,3073.13,181928.000,20727200000.000,0,0,0,0,0,1.477639E+07,0,0,0,0,0,0,0,0,0,1.503786E+07,0,0,0,0,0
2020-01-02 09:50:38,3073.82,112200.000,12642160000.000,0,0,0,0,0,1.479569E+07,0,0,0,0,0,0,0,0,0,1.510878E+07,0,0,0,0,0
2020-01-02 09:50:43,3073.62,131464.000,15007740000.000,0,0,0,0,0,1.474635E+07,0,0,0,0,0,0,0,0,0,1.523948E+07,0,0,0,0,0
2020-01-02 09:50:48,3073.76,183944.000,20673200000.000,0,0,0,0,0,1.480114E+07,0,0,0,0,0,0,0,0,0,1.522296E+07,0,0,0,0,0
2020-01-02 09:50:53,3073.86,135496.000,17100180000.000,0,0,0,0,0,1.482714E+07,0,0,0,0,0,0,0,0,0,1.524832E+07,0,0,0,0,0
2020-01-02 09:50:58,3074.15,110152.000,13636210000.000,0,0,0,0,0,1.483758E+07,0,0,0,0,0,0,0,0,0,1.525454E+07,0,0,0,0,0
2020-01-02 09:51:03,3074.21,204696.000,22690140000.000,0,0,0,0,0,1.483823E+07,0,0,0,0,0,0,0,0,0,1.529339E+07,0,0,0,0,0
2020-01-02 09:51:08,3074.71,142968.000,18192270000.000,0,0,0,0,0,1.483484E+07,0,0,0,0,0,0,0,0,0,1.527544E+07,0,0,0,0,0
2020-01-02 09:51:13,3074.22,135968.000,14464580000.000,0,0,0,0,0,1.496738E+07,0,0,0,0,0,0,0,0,0,1.52813E+07,0,0,0,0,0
2020-01-02 09:51:18,3074,169624.000,23182440000.000,0,0,0,0,0,1.490781E+07,0,0,0,0,0,0,0,0,0,1.536633E+07,0,0,0,0,0
2020-01-02 09:51:24,3074.23,128680.000,18360570000.000,0,0,0,0,0,1.490485E+07,0,0,0,0,0,0,0,0,0,1.535657E+07,0,0,0,0,0
2020-01-02 09:51:28,3073.94,131440.000,15693510000.000,0,0,0,0,0,1.49114E+07,0,0,0,0,0,0,0,0,0,1.538142E+07,0,0,0,0,0
2020-01-02 09:51:33,3073.88,169640.000,20748170000.000,0,0,0,0,0,1.496825E+07,0,0,0,0,0,0,0,0,0,1.535709E+07,0,0,0,0,0
2020-01-02 09:51:38,3073.85,135920.000,16142300000.000,0,0,0,0,0,1.501965E+07,0,0,0,0,0,0,0,0,0,1.536559E+07,0,0,0,0,0
2020-01-02 09:51:43,3073.8,131800.000,15224800000.000,0,0,0,0,0,1.501535E+07,0,0,0,0,0,0,0,0,0,1.537007E+07,0,0,0,0,0
2020-01-02 09:51:48,3074.26,154312.000,20736110000.000,0,0,0,0,0,1.506115E+07,0,0,0,0,0,0,0,0,0,1.534756E+07,0,0,0,0,0
2020-01-02 09:51:53,3074.69,153632.000,18121490000.000,0,0,0,0,0,1.511775E+07,0,0,0,0,0,0,0,0,0,1.53393E+07,0,0,0,0,0
2020-01-02 09:51:58,3074.49,134720.000,16009660000.000,0,0,0,0,0,1.505497E+07,0,0,0,0,0,0,0,0,0,1.541496E+07,0,0,0,0,0
2020-01-02 09:52:03,3074.85,197888.000,24778380000.000,0,0,0,0,0,1.512874E+07,0,0,0,0,0,0,0,0,0,1.542567E+07,0,0,0,0,0
2020-01-02 09:52:08,3075.21,159856.000,20554710000.000,0,0,0,0,0,1.512832E+07,0,0,0,0,0,0,0,0,0,1.541729E+07,0,0,0,0,0
2020-01-02 09:52:13,3075.07,117032.000,13969650000.000,0,0,0,0,0,1.514502E+07,0,0,0,0,0,0,0,0,0,1.544282E+07,0,0,0,0,0
2020-01-02 09:52:18,3075.02,217104.000,22939170000.000,0,0,0,0,0,1.515239E+07,0,0,0,0,0,0,0,0,0,1.544378E+07,0,0,0,0,0
2020-01-02 09:52:23,3074.6,188144.000,18345360000.000,0,0,0,0,0,1.512443E+07,0,0,0,0,0,0,0,0,0,1.540864E+07,0,0,0,0,0
2020-01-02 09:52:28,3076.24,231392.000,22231380000.000,0,0,0,0,0,1.512308E+07,0,0,0,0,0,0,0,0,0,1.534585E+07,0,0,0,0,0
2020-01-02 09:52:33,3076.1,257040.000,28678030000.000,0,0,0,0,0,1.513298E+07,0,0,0,0,0,0,0,0,0,1.535442E+07,0,0,0,0,0
2020-01-02 09:52:38,3076.13,177320.000,19641930000.000,0,0,0,0,0,1.514088E+07,0,0,0,0,0,0,0,0,0,1.542839E+07,0,0,0,0,0
2020-01-02 09:52:43,3075.97,162744.000,17561030000.000,0,0,0,0,0,1.515437E+07,0,0,0,0,0,0,0,0,0,1.560242E+07,0,0,0,0,0
2020-01-02 09:52:48,3075.75,197432.000,22718970000.000,0,0,0,0,0,1.51619E+07,0,0,0,0,0,0,0,0,0,1.564882E+07,0,0,0,0,0
2020-01-02 09:52:53,3075.69,133912.000,15136190000.000,0,0,0,0,0,1.519274E+07,0,0,0,0,0,0,0,0,0,1.564447E+07,0,0,0,0,0
2020-01-02 09:52:58,3075.94,121008.000,14317260000.000,0,0,0,0,0,1.51833E+07,0,0,0,0,0,0,0,0,0,1.569243E+07,0,0,0,0,0
2020-01-02 09:53:03,3076.01,191088.000,21630030000.000,0,0,0,0,0,1.522658E+07,0,0,0,0,0,0,0,0,0,1.572298E+07,0,0,0,0,0
2020-01-02 09:53:08,3076.01,154328.000,18725990000.000,0,0,0,0,0,1.523527E+07,0,0,0,0,0,0,0,0,0,1.571896E+07,0,0,0,0,0
2020-01-02 09:53:13,3075.89,139728.000,15342240000.000,0,0,0,0,0,1.517989E+07,0,0,0,0,0,0,0,0,0,1.575564E+07,0,0,0,0,0
2020-01-02 09:53:18,3075.94,211136.000,23648530000.000,0,0,0,0,0,1.521317E+07,0,0,0,0,0,0,0,0,0,1.570517E+07,0,0,0,0,0
2020-01-02 09:53:23,3076.43,150760.000,18897960000.000,0,0,0,0,0,1.523125E+07,0,0,0,0,0,0,0,0,0,1.569289E+07,0,0,0,0,0
2020-01-02 09:53:28,3076.6,136016.000,15492710000.000,0,0,0,0,0,1.52414E+07,0,0,0,0,0,0,0,0,0,1.568333E+07,0,0,0,0,0
2020-01-02 09:53:33,3076.9,212296.000,25275920000.000,0,0,0,0,0,1.52083E+07,0,0,0,0,0,0,0,0,0,1.568682E+07,0,0,0,0,0
2020-01-02 09:53:38,3077.18,147312.000,17093890000.000,0,0,0,0,0,1.523976E+07,0,0,0,0,0,0,0,0,0,1.568915E+07,0,0,0,0,0
2020-01-02 09:53:43,3077.38,152960.000,17339250000.000,0,0,0,0,0,1.520973E+07,0,0,0,0,0,0,0,0,0,1.573815E+07,0,0,0,0,0
2020-01-02 09:53:48,3077.06,221136.000,23333440000.000,0,0,0,0,0,1.5177E+07,0,0,0,0,0,0,0,0,0,1.576557E+07,0,0,0,0,0
2020-01-02 09:53:53,3078.04,156048.000,18857070000.000,0,0,0,0,0,1.517921E+07,0,0,0,0,0,0,0,0,0,1.577726E+07,0,0,0,0,0
2020-01-02 09:53:58,3078.49,176352.000,19227740000.000,0,0,0,0,0,1.522567E+07,0,0,0,0,0,0,0,0,0,1.57414E+07,0,0,0,0,0
2020-01-02 09:54:03,3078.87,262904.000,28451540000.000,0,0,0,0,0,1.523035E+07,0,0,0,0,0,0,0,0,0,1.571537E+07,0,0,0,0,0
2020-01-02 09:54:08,3079.43,229176.000,25755650000.000,0,0,0,0,0,1.524307E+07,0,0,0,0,0,0,0,0,0,1.567478E+07,0,0,0,0,0
2020-01-02 09:54:13,3080.22,226752.000,23300410000.000,0,0,0,0,0,1.523626E+07,0,0,0,0,0,0,0,0,0,1.558644E+07,0,0,0,0,0
2020-01-02 09:54:18,3079.72,241112.000,25707410000.000,0,0,0,0,0,1.519792E+07,0,0,0,0,0,0,0,0,0,1.560748E+07,0,0,0,0,0
2020-01-02 09:54:23,3079.43,208168.000,21080570000.000,0,0,0,0,0,1.516308E+07,0,0,0,0,0,0,0,0,0,1.559752E+07,0,0,0,0,0
2020-01-02 09:54:28,3080.19,226432.000,26520580000.000,0,0,0,0,0,1.512148E+07,0,0,0,0,0,0,0,0,0,1.592232E+07,0,0,0,0,0
2020-01-02 09:54:33,3080.3,245976.000,27600620000.000,0,0,0,0,0,1.518951E+07,0,0,0,0,0,0,0,0,0,1.599156E+07,0,0,0,0,0
2020-01-02 09:54:38,3080.55,180296.000,19377160000.000,0,0,0,0,0,1.519864E+07,0,0,0,0,0,0,0,0,0,1.597676E+07,0,0,0,0,0
2020-01-02 09:54:43,3080.73,176992.000,20446710000.000,0,0,0,0,0,1.525254E+07,0,0,0,0,0,0,0,0,0,1.600793E+07,0,0,0,0,0
2020-01-02 09:54:48,3080.75,244120.000,27599570000.000,0,0,0,0,0,1.524709E+07,0,0,0,0,0,0,0,0,0,1.605583E+07,0,0,0,0,0
2020-01-02 09:54:53,3081.11,160256.000,20715140000.000,0,0,0,0,0,1.52239E+07,0,0,0,0,0,0,0,0,0,1.611484E+07,0,0,0,0,0
2020-01-02 09:54:58,3081.87,179432.000,19767230000.000,0,0,0,0,0,1.524389E+07,0,0,0,0,0,0,0,0,0,1.619441E+07,0,0,0,0,0
2020-01-02 09:55:03,3081.97,245400.000,27841270000.000,0,0,0,0,0,1.523848E+07,0,0,0,0,0,0,0,0,0,1.627743E+07,0,0,0,0,0
2020-01-02 09:55:08,3081.63,224600.000,24133500000.000,0,0,0,0,0,1.528664E+07,0,0,0,0,0,0,0,0,0,1.62826E+07,0,0,0,0,0
2020-01-02 09:55:13,3081.34,175576.000,22832740000.000,0,0,0,0,0,1.523472E+07,0,0,0,0,0,0,0,0,0,1.634485E+07,0,0,0,0,0
2020-01-02 09:55:18,3082.02,244120.000,28936500000.000,0,0,0,0,0,1.529076E+07,0,0,0,0,0,0,0,0,0,1.633818E+07,0,0,0,0,0
2020-01-02 09:55:23,3082.06,177456.000,20237520000.000,0,0,0,0,0,1.534914E+07,0,0,0,0,0,0,0,0,0,1.628666E+07,0,0,0,0,0
2020-01-02 09:55:28,3081.15,180832.000,21769490000.000,0,0,0,0,0,1.52547E+07,0,0,0,0,0,0,0,0,0,1.633229E+07,0,0,0,0,0
2020-01-02 09:55:33,3081.09,225960.000,24730660000.000,0,0,0,0,0,1.51879E+07,0,0,0,0,0,0,0,0,0,1.639354E+07,0,0,0,0,0
2020-01-02 09:55:38,3080.9,163448.000,19340980000.000,0,0,0,0,0,1.522834E+07,0,0,0,0,0,0,0,0,0,1.637207E+07,0,0,0,0,0
2020-01-02 09:55:43,3081.17,160048.000,19030610000.000,0,0,0,0,0,1.531143E+07,0,0,0,0,0,0,0,0,0,1.638616E+07,0,0,0,0,0
2020-01-02 09:55:48,3080.66,229112.000,24402460000.000,0,0,0,0,0,1.526228E+07,0,0,0,0,0,0,0,0,0,1.639313E+07,0,0,0,0,0
2020-01-02 09:55:53,3081.21,171912.000,19461570000.000,0,0,0,0,0,1.52432E+07,0,0,0,0,0,0,0,0,0,1.641099E+07,0,0,0,0,0
2020-01-02 09:55:58,3080.62,174984.000,17661170000.000,0,0,0,0,0,1.517463E+07,0,0,0,0,0,0,0,0,0,1.643785E+07,0,0,0,0,0
2020-01-02 09:56:03,3079.91,197600.000,20798500000.000,0,0,0,0,0,1.516916E+07,0,0,0,0,0,0,0,0,0,1.645167E+07,0,0,0,0,0
2020-01-02 09:56:08,3080.87,157728.000,17890800000.000,0,0,0,0,0,1.520541E+07,0,0,0,0,0,0,0,0,0,1.640178E+07,0,0,0,0,0
2020-01-02 09:56:13,3080.3,140448.000,15071180000.000,0,0,0,0,0,1.526268E+07,0,0,0,0,0,0,0,0,0,1.641728E+07,0,0,0,0,0
2020-01-02 09:56:18,3080.38,181360.000,20090720000.000,0,0,0,0,0,1.528577E+07,0,0,0,0,0,0,0,0,0,1.64739E+07,0,0,0,0,0
2020-01-02 09:56:24,3080.57,153272.000,17920160000.000,0,0,0,0,0,1.528864E+07,0,0,0,0,0,0,0,0,0,1.649461E+07,0,0,0,0,0
2020-01-02 09:56:29,3080.94,148216.000,15909000000.000,0,0,0,0,0,1.518832E+07,0,0,0,0,0,0,0,0,0,1.655818E+07,0,0,0,0,0
2020-01-02 09:56:33,3080.82,181360.000,19810750000.000,0,0,0,0,0,1.530528E+07,0,0,0,0,0,0,0,0,0,1.653307E+07,0,0,0,0,0
2020-01-02 09:56:38,3081.16,154600.000,19197330000.000,0,0,0,0,0,1.537599E+07,0,0,0,0,0,0,0,0,0,1.654934E+07,0,0,0,0,0
2020-01-02 09:56:43,3081.31,137064.000,15208550000.000,0,0,0,0,0,1.540593E+07,0,0,0,0,0,0,0,0,0,1.654764E+07,0,0,0,0,0
2020-01-02 09:56:48,3081.55,196640.000,21895320000.000,0,0,0,0,0,1.542042E+07,0,0,0,0,0,0,0,0,0,1.653498E+07,0,0,0,0,0
2020-01-02 09:56:53,3080.74,154152.000,16971200000.000,0,0,0,0,0,1.542064E+07,0,0,0,0,0,0,0,0,0,1.654251E+07,0,0,0,0,0
2020-01-02 09:56:58,3080.43,132600.000,16692280000.000,0,0,0,0,0,1.537225E+07,0,0,0,0,0,0,0,0,0,1.655454E+07,0,0,0,0,0
2020-01-02 09:57:03,3080.53,156864.000,19248710000.000,0,0,0,0,0,1.535836E+07,0,0,0,0,0,0,0,0,0,1.650783E+07,0,0,0,0,0
2020-01-02 09:57:09,3080.75,118544.000,14197720000.000,0,0,0,0,0,1.53281E+07,0,0,0,0,0,0,0,0,0,1.660693E+07,0,0,0,0,0
2020-01-02 09:57:13,3080.26,114440.000,13126070000.000,0,0,0,0,0,1.529177E+07,0,0,0,0,0,0,0,0,0,1.660213E+07,0,0,0,0,0
2020-01-02 09:57:18,3080.5,180528.000,21125660000.000,0,0,0,0,0,1.533249E+07,0,0,0,0,0,0,0,0,0,1.659731E+07,0,0,0,0,0
2020-01-02 09:57:23,3081.06,147648.000,15177090000.000,0,0,0,0,0,1.540594E+07,0,0,0,0,0,0,0,0,0,1.659742E+07,0,0,0,0,0
2020-01-02 09:57:28,3081.18,129744.000,13963890000.000,0,0,0,0,0,1.540639E+07,0,0,0,0,0,0,0,0,0,1.656469E+07,0,0,0,0,0
2020-01-02 09:57:33,3080.99,185352.000,21270360000.000,0,0,0,0,0,1.540965E+07,0,0,0,0,0,0,0,0,0,1.653536E+07,0,0,0,0,0
2020-01-02 09:57:38,3081.15,146488.000,14963180000.000,0,0,0,0,0,1.541345E+07,0,0,0,0,0,0,0,0,0,1.65217E+07,0,0,0,0,0
2020-01-02 09:57:43,3080.74,137992.000,14689500000.000,0,0,0,0,0,1.54129E+07,0,0,0,0,0,0,0,0,0,1.627531E+07,0,0,0,0,0
2020-01-02 09:57:48,3081.82,233224.000,27845980000.000,0,0,0,0,0,1.544397E+07,0,0,0,0,0,0,0,0,0,1.621615E+07,0,0,0,0,0
2020-01-02 09:57:53,3080.91,187120.000,21440230000.000,0,0,0,0,0,1.544801E+07,0,0,0,0,0,0,0,0,0,1.620915E+07,0,0,0,0,0
2020-01-02 09:57:58,3081.29,157488.000,18397270000.000,0,0,0,0,0,1.54975E+07,0,0,0,0,0,0,0,0,0,1.612213E+07,0,0,0,0,0
2020-01-02 09:58:03,3080.94,174752.000,20714620000.000,0,0,0,0,0,1.551103E+07,0,0,0,0,0,0,0,0,0,1.615653E+07,0,0,0,0,0
2020-01-02 09:58:08,3081.01,135408.000,17646490000.000,0,0,0,0,0,1.550352E+07,0,0,0,0,0,0,0,0,0,1.612725E+07,0,0,0,0,0
2020-01-02 09:58:13,3081.41,158840.000,15471740000.000,0,0,0,0,0,1.553076E+07,0,0,0,0,0,0,0,0,0,1.631334E+07,0,0,0,0,0
2020-01-02 09:58:18,3081.22,164552.000,18505270000.000,0,0,0,0,0,1.556371E+07,0,0,0,0,0,0,0,0,0,1.673208E+07,0,0,0,0,0
2020-01-02 09:58:23,3080.73,121720.000,13173260000.000,0,0,0,0,0,1.557495E+07,0,0,0,0,0,0,0,0,0,1.676226E+07,0,0,0,0,0
2020-01-02 09:58:28,3081.08,116320.000,13898870000.000,0,0,0,0,0,1.557112E+07,0,0,0,0,0,0,0,0,0,1.675932E+07,0,0,0,0,0
2020-01-02 09:58:33,3081,207472.000,21304970000.000,0,0,0,0,0,1.55723E+07,0,0,0,0,0,0,0,0,0,1.678887E+07,0,0,0,0,0
2020-01-02 09:58:38,3081.07,136592.000,16138630000.000,0,0,0,0,0,1.559154E+07,0,0,0,0,0,0,0,0,0,1.676824E+07,0,0,0,0,0
2020-01-02 09:58:43,3080.97,114008.000,12949910000.000,0,0,0,0,0,1.562248E+07,0,0,0,0,0,0,0,0,0,1.677461E+07,0,0,0,0,0
2020-01-02 09:58:49,3081.61,170432.000,19833820000.000,0,0,0,0,0,1.563473E+07,0,0,0,0,0,0,0,0,0,1.678993E+07,0,0,0,0,0
2020-01-02 09:58:53,3080.77,123080.000,13242470000.000,0,0,0,0,0,1.56435E+07,0,0,0,0,0,0,0,0,0,1.679374E+07,0,0,0,0,0
2020-01-02 09:58:58,3081.07,129336.000,14348710000.000,0,0,0,0,0,1.56285E+07,0,0,0,0,0,0,0,0,0,1.680149E+07,0,0,0,0,0
2020-01-02 09:59:03,3081.96,170440.000,19915600000.000,0,0,0,0,0,1.570738E+07,0,0,0,0,0,0,0,0,0,1.681454E+07,0,0,0,0,0
2020-01-02 09:59:08,3082.37,147616.000,19098760000.000,0,0,0,0,0,1.572937E+07,0,0,0,0,0,0,0,0,0,1.679933E+07,0,0,0,0,0
2020-01-02 09:59:13,3082.24,141104.000,15705570000.000,0,0,0,0,0,1.571512E+07,0,0,0,0,0,0,0,0,0,1.684007E+07,0,0,0,0,0
2020-01-02 09:59:18,3082.07,180184.000,19411240000.000,0,0,0,0,0,1.576082E+07,0,0,0,0,0,0,0,0,0,1.687091E+07,0,0,0,0,0
2020-01-02 09:59:23,3081.69,140088.000,14668530000.000,0,0,0,0,0,1.577938E+07,0,0,0,0,0,0,0,0,0,1.688436E+07,0,0,0,0,0
2020-01-02 09:59:28,3082.26,160448.000,17510170000.000,0,0,0,0,0,1.585754E+07,0,0,0,0,0,0,0,0,0,1.6893E+07,0,0,0,0,0
2020-01-02 09:59:33,3083.35,188776.000,18827180000.000,0,0,0,0,0,1.585724E+07,0,0,0,0,0,0,0,0,0,1.692673E+07,0,0,0,0,0
2020-01-02 09:59:39,3083.32,129632.000,15183380000.000,0,0,0,0,0,1.589258E+07,0,0,0,0,0,0,0,0,0,1.695462E+07,0,0,0,0,0
2020-01-02 09:59:43,3082.61,142968.000,15536750000.000,0,0,0,0,0,1.590539E+07,0,0,0,0,0,0,0,0,0,1.695425E+07,0,0,0,0,0
2020-01-02 09:59:48,3083.32,214768.000,21594370000.000,0,0,0,0,0,1.592121E+07,0,0,0,0,0,0,0,0,0,1.693237E+07,0,0,0,0,0
2020-01-02 09:59:53,3083.29,155544.000,17155750000.000,0,0,0,0,0,1.593208E+07,0,0,0,0,0,0,0,0,0,1.690128E+07,0,0,0,0,0
2020-01-02 09:59:59,3084.44,168696.000,18135120000.000,0,0,0,0,0,1.595867E+07,0,0,0,0,0,0,0,0,0,1.688479E+07,0,0,0,0,0
2020-01-02 10:00:04,3083.9,199080.000,23608690000.000,0,0,0,0,0,1.601693E+07,0,0,0,0,0,0,0,0,0,1.689065E+07,0,0,0,0,0
2020-01-02 10:00:08,3084,187592.000,20064500000.000,0,0,0,0,0,1.599184E+07,0,0,0,0,0,0,0,0,0,1.690152E+07,0,0,0,0,0
2020-01-02 10:00:13,3084.13,231912.000,20811090000.000,0,0,0,0,0,1.593056E+07,0,0,0,0,0,0,0,0,0,1.690342E+07,0,0,0,0,0
2020-01-02 10:00:18,3084.88,244216.000,27162310000.000,0,0,0,0,0,1.597148E+07,0,0,0,0,0,0,0,0,0,1.686529E+07,0,0,0,0,0
2020-01-02 10:00:23,3084.43,164272.000,16589520000.000,0,0,0,0,0,1.594674E+07,0,0,0,0,0,0,0,0,0,1.686136E+07,0,0,0,0,0
2020-01-02 10:00:28,3084.55,175440.000,18223200000.000,0,0,0,0,0,1.594308E+07,0,0,0,0,0,0,0,0,0,1.683734E+07,0,0,0,0,0
2020-01-02 10:00:33,3085.07,236600.000,25183650000.000,0,0,0,0,0,1.591582E+07,0,0,0,0,0,0,0,0,0,1.683644E+07,0,0,0,0,0
2020-01-02 10:00:38,3085.1,160480.000,16400780000.000,0,0,0,0,0,1.590573E+07,0,0,0,0,0,0,0,0,0,1.682015E+07,0,0,0,0,0
2020-01-02 10:00:43,3084.44,155776.000,17831030000.000,0,0,0,0,0,1.586677E+07,0,0,0,0,0,0,0,0,0,1.677103E+07,0,0,0,0,0
2020-01-02 10:00:48,3084.92,199480.000,22316840000.000,0,0,0,0,0,1.59335E+07,0,0,0,0,0,0,0,0,0,1.67769E+07,0,0,0,0,0
2020-01-02 10:00:54,3084.91,152096.000,16238250000.000,0,0,0,0,0,1.593739E+07,0,0,0,0,0,0,0,0,0,1.677271E+07,0,0,0,0,0
2020-01-02 10:00:58,3084.98,227240.000,20240660000.000,0,0,0,0,0,1.596111E+07,0,0,0,0,0,0,0,0,0,1.671484E+07,0,0,0,0,0
2020-01-02 10:01:03,3084.63,243936.000,25822230000.000,0,0,0,0,0,1.596036E+07,0,0,0,0,0,0,0,0,0,1.707542E+07,0,0,0,0,0
2020-01-02 10:01:08,3085.5,152240.000,16434330000.000,0,0,0,0,0,1.59724E+07,0,0,0,0,0,0,0,0,0,1.706414E+07,0,0,0,0,0
2020-01-02 10:01:13,3084.92,158648.000,17718840000.000,0,0,0,0,0,1.596598E+07,0,0,0,0,0,0,0,0,0,1.684161E+07,0,0,0,0,0
2020-01-02 10:01:18,3085.09,204688.000,24896340000.000,0,0,0,0,0,1.598911E+07,0,0,0,0,0,0,0,0,0,1.679884E+07,0,0,0,0,0
2020-01-02 10:01:23,3085.25,171312.000,18516800000.000,0,0,0,0,0,1.598632E+07,0,0,0,0,0,0,0,0,0,1.695687E+07,0,0,0,0,0
2020-01-02 10:01:29,3085.13,147760.000,18483250000.000,0,0,0,0,0,1.594705E+07,0,0,0,0,0,0,0,0,0,1.714608E+07,0,0,0,0,0
2020-01-02 10:01:33,3084.93,203576.000,22691180000.000,0,0,0,0,0,1.591726E+07,0,0,0,0,0,0,0,0,0,1.7149E+07,0,0,0,0,0
2020-01-02 10:01:38,3084.87,160384.000,20048770000.000,0,0,0,0,0,1.59721E+07,0,0,0,0,0,0,0,0,0,1.711684E+07,0,0,0,0,0
2020-01-02 10:01:43,3084.05,151544.000,17248030000.000,0,0,0,0,0,1.589992E+07,0,0,0,0,0,0,0,0,0,1.710686E+07,0,0,0,0,0
2020-01-02 10:01:48,3084.82,185080.000,21385710000.000,0,0,0,0,0,1.588346E+07,0,0,0,0,0,0,0,0,0,1.713159E+07,0,0,0,0,0
2020-01-02 10:01:53,3084.54,165656.000,19229840000.000,0,0,0,0,0,1.582357E+07,0,0,0,0,0,0,0,0,0,1.717267E+07,0,0,0,0,0
2020-01-02 10:01:58,3084.17,146880.000,16231960000.000,0,0,0,0,0,1.581961E+07,0,0,0,0,0,0,0,0,0,1.722765E+07,0,0,0,0,0
2020-01-02 10:02:03,3084.38,175928.000,23585620000.000,0,0,0,0,0,1.578496E+07,0,0,0,0,0,0,0,0,0,1.72572E+07,0,0,0,0,0
2020-01-02 10:02:08,3084.19,137328.000,17396920000.000,0,0,0,0,0,1.580329E+07,0,0,0,0,0,0,0,0,0,1.726786E+07,0,0,0,0,0
2020-01-02 10:02:13,3084.12,136360.000,14066650000.000,0,0,0,0,0,1.577347E+07,0,0,0,0,0,0,0,0,0,1.728963E+07,0,0,0,0,0
2020-01-02 10:02:18,3084.08,172104.000,19783480000.000,0,0,0,0,0,1.585036E+07,0,0,0,0,0,0,0,0,0,1.732115E+07,0,0,0,0,0
2020-01-02 10:02:23,3084.25,123832.000,14970520000.000,0,0,0,0,0,1.592205E+07,0,0,0,0,0,0,0,0,0,1.731237E+07,0,0,0,0,0
2020-01-02 10:02:28,3084.53,132872.000,15501100000.000,0,0,0,0,0,1.598901E+07,0,0,0,0,0,0,0,0,0,1.734602E+07,0,0,0,0,0
2020-01-02 10:02:33,3084.53,146552.000,17972590000.000,0,0,0,0,0,1.597711E+07,0,0,0,0,0,0,0,0,0,1.741549E+07,0,0,0,0,0
2020-01-02 10:02:39,3084.47,129728.000,13946060000.000,0,0,0,0,0,1.599728E+07,0,0,0,0,0,0,0,0,0,1.743784E+07,0,0,0,0,0
2020-01-02 10:02:43,3084.03,115120.000,12895390000.000,0,0,0,0,0,1.600531E+07,0,0,0,0,0,0,0,0,0,1.746002E+07,0,0,0,0,0
2020-01-02 10:02:48,3084.68,147472.000,18696110000.000,0,0,0,0,0,1.600796E+07,0,0,0,0,0,0,0,0,0,1.752445E+07,0,0,0,0,0
2020-01-02 10:02:53,3084.77,125952.000,13636730000.000,0,0,0,0,0,1.603425E+07,0,0,0,0,0,0,0,0,0,1.74973E+07,0,0,0,0,0
2020-01-02 10:02:58,3084.36,109032.000,13240370000.000,0,0,0,0,0,1.606583E+07,0,0,0,0,0,0,0,0,0,1.752013E+07,0,0,0,0,0
2020-01-02 10:03:03,3084.92,152840.000,17948480000.000,0,0,0,0,0,1.613231E+07,0,0,0,0,0,0,0,0,0,1.755556E+07,0,0,0,0,0
2020-01-02 10:03:08,3084.71,143784.000,16100880000.000,0,0,0,0,0,1.615053E+07,0,0,0,0,0,0,0,0,0,1.759231E+07,0,0,0,0,0
2020-01-02 10:03:13,3084.8,137528.000,14791210000.000,0,0,0,0,0,1.617077E+07,0,0,0,0,0,0,0,0,0,1.760789E+07,0,0,0,0,0
2020-01-02 10:03:18,3084.96,156104.000,20729300000.000,0,0,0,0,0,1.626422E+07,0,0,0,0,0,0,0,0,0,1.75488E+07,0,0,0,0,0
2020-01-02 10:03:23,3085.29,143112.000,17864590000.000,0,0,0,0,0,1.6267E+07,0,0,0,0,0,0,0,0,0,1.752277E+07,0,0,0,0,0
2020-01-02 10:03:28,3085.14,140904.000,14918090000.000,0,0,0,0,0,1.629125E+07,0,0,0,0,0,0,0,0,0,1.752827E+07,0,0,0,0,0
2020-01-02 10:03:34,3085.86,203992.000,24925700000.000,0,0,0,0,0,1.624818E+07,0,0,0,0,0,0,0,0,0,1.757403E+07,0,0,0,0,0
2020-01-02 10:03:38,3086.76,177304.000,19619910000.000,0,0,0,0,0,1.624885E+07,0,0,0,0,0,0,0,0,0,1.76135E+07,0,0,0,0,0
2020-01-02 10:03:43,3086.34,139440.000,15346960000.000,0,0,0,0,0,1.632477E+07,0,0,0,0,0,0,0,0,0,1.757201E+07,0,0,0,0,0
2020-01-02 10:03:48,3087.71,230120.000,25951210000.000,0,0,0,0,0,1.628549E+07,0,0,0,0,0,0,0,0,0,1.758557E+07,0,0,0,0,0
2020-01-02 10:03:53,3087.05,160624.000,19811790000.000,0,0,0,0,0,1.632515E+07,0,0,0,0,0,0,0,0,0,1.756662E+07,0,0,0,0,0
2020-01-02 10:03:58,3087.05,151680.000,17118000000.000,0,0,0,0,0,1.631894E+07,0,0,0,0,0,0,0,0,0,1.760244E+07,0,0,0,0,0
2020-01-02 10:04:03,3086.96,228384.000,28380760000.000,0,0,0,0,0,1.634852E+07,0,0,0,0,0,0,0,0,0,1.759757E+07,0,0,0,0,0
2020-01-02 10:04:08,3087.68,150064.000,17121150000.000,0,0,0,0,0,1.637049E+07,0,0,0,0,0,0,0,0,0,1.757068E+07,0,0,0,0,0
2020-01-02 10:04:13,3087.54,176360.000,19128120000.000,0,0,0,0,0,1.630407E+07,0,0,0,0,0,0,0,0,0,1.763006E+07,0,0,0,0,0
2020-01-02 10:04:18,3087.77,211480.000,23502780000.000,0,0,0,0,0,1.629515E+07,0,0,0,0,0,0,0,0,0,1.75914E+07,0,0,0,0,0
2020-01-02 10:04:24,3087.31,191768.000,20456670000.000,0,0,0,0,0,1.624965E+07,0,0,0,0,0,0,0,0,0,1.761794E+07,0,0,0,0,0
2020-01-02 10:04:28,3087.67,162088.000,20318260000.000,0,0,0,0,0,1.620471E+07,0,0,0,0,0,0,0,0,0,1.766407E+07,0,0,0,0,0
2020-01-02 10:04:33,3087.54,192488.000,20978860000.000,0,0,0,0,0,1.627375E+07,0,0,0,0,0,0,0,0,0,1.763437E+07,0,0,0,0,0
2020-01-02 10:04:38,3087.77,139112.000,16080960000.000,0,0,0,0,0,1.623019E+07,0,0,0,0,0,0,0,0,0,1.768942E+07,0,0,0,0,0
2020-01-02 10:04:43,3087.24,137296.000,15446570000.000,0,0,0,0,0,1.625068E+07,0,0,0,0,0,0,0,0,0,1.769922E+07,0,0,0,0,0
2020-01-02 10:04:48,3087.29,200376.000,23473420000.000,0,0,0,0,0,1.62678E+07,0,0,0,0,0,0,0,0,0,1.771747E+07,0,0,0,0,0
2020-01-02 10:04:53,3087.51,146968.000,16330520000.000,0,0,0,0,0,1.628035E+07,0,0,0,0,0,0,0,0,0,1.768556E+07,0,0,0,0,0
2020-01-02 10:04:58,3087.6,134384.000,14120120000.000,0,0,0,0,0,1.624163E+07,0,0,0,0,0,0,0,0,0,1.766917E+07,0,0,0,0,0
2020-01-02 10:05:03,3088.24,185136.000,22446870000.000,0,0,0,0,0,1.621363E+07,0,0,0,0,0,0,0,0,0,1.769746E+07,0,0,0,0,0
2020-01-02 10:05:08,3088.28,164624.000,18567140000.000,0,0,0,0,0,1.619E+07,0,0,0,0,0,0,0,0,0,1.773976E+07,0,0,0,0,0
2020-01-02 10:05:13,3088.44,231096.000,18720230000.000,0,0,0,0,0,1.613931E+07,0,0,0,0,0,0,0,0,0,1.774822E+07,0,0,0,0,0
2020-01-02 10:05:18,3088.35,187248.000,19289600000.000,0,0,0,0,0,1.605584E+07,0,0,0,0,0,0,0,0,0,1.779305E+07,0,0,0,0,0
2020-01-02 10:05:23,3088.38,186408.000,18415090000.000,0,0,0,0,0,1.605194E+07,0,0,0,0,0,0,0,0,0,1.772396E+07,0,0,0,0,0
2020-01-02 10:05:28,3088.4,122464.000,13013880000.000,0,0,0,0,0,1.604976E+07,0,0,0,0,0,0,0,0,0,1.770092E+07,0,0,0,0,0
2020-01-02 10:05:33,3088.76,213672.000,21978150000.000,0,0,0,0,0,1.608463E+07,0,0,0,0,0,0,0,0,0,1.757426E+07,0,0,0,0,0
2020-01-02 10:05:38,3088.87,144896.000,16391340000.000,0,0,0,0,0,1.607578E+07,0,0,0,0,0,0,0,0,0,1.759957E+07,0,0,0,0,0
2020-01-02 10:05:43,3089.15,132000.000,14917040000.000,0,0,0,0,0,1.606911E+07,0,0,0,0,0,0,0,0,0,1.756789E+07,0,0,0,0,0
2020-01-02 10:05:48,3088.76,179384.000,19458420000.000,0,0,0,0,0,1.599725E+07,0,0,0,0,0,0,0,0,0,1.759236E+07,0,0,0,0,0
2020-01-02 10:05:53,3088.73,132464.000,15601760000.000,0,0,0,0,0,1.600554E+07,0,0,0,0,0,0,0,0,0,1.760542E+07,0,0,0,0,0
2020-01-02 10:05:58,3088.67,132568.000,15869150000.000,0,0,0,0,0,1.605143E+07,0,0,0,0,0,0,0,0,0,1.760015E+07,0,0,0,0,0
2020-01-02 10:06:03,3088.01,156552.000,19235080000.000,0,0,0,0,0,1.605765E+07,0,0,0,0,0,0,0,0,0,1.76206E+07,0,0,0,0,0
2020-01-02 10:06:09,3088.48,134096.000,14266930000.000,0,0,0,0,0,1.604562E+07,0,0,0,0,0,0,0,0,0,1.763252E+07,0,0,0,0,0
2020-01-02 10:06:13,3088.26,123992.000,15364780000.000,0,0,0,0,0,1.60451E+07,0,0,0,0,0,0,0,0,0,1.765509E+07,0,0,0,0,0
2020-01-02 10:06:18,3088.6,216920.000,20145240000.000,0,0,0,0,0,1.600605E+07,0,0,0,0,0,0,0,0,0,1.767378E+07,0,0,0,0,0
2020-01-02 10:06:23,3088.39,142048.000,15199110000.000,0,0,0,0,0,1.604784E+07,0,0,0,0,0,0,0,0,0,1.761016E+07,0,0,0,0,0
2020-01-02 10:06:28,3088.84,118112.000,13333690000.000,0,0,0,0,0,1.607184E+07,0,0,0,0,0,0,0,0,0,1.765998E+07,0,0,0,0,0
2020-01-02 10:06:33,3088.26,165600.000,18622710000.000,0,0,0,0,0,1.604603E+07,0,0,0,0,0,0,0,0,0,1.76684E+07,0,0,0,0,0
2020-01-02 10:06:38,3088.68,143968.000,15474880000.000,0,0,0,0,0,1.605051E+07,0,0,0,0,0,0,0,0,0,1.765532E+07,0,0,0,0,0
2020-01-02 10:06:44,3088.39,152416.000,13855880000.000,0,0,0,0,0,1.599409E+07,0,0,0,0,0,0,0,0,0,1.764066E+07,0,0,0,0,0
2020-01-02 10:06:48,3088.72,177352.000,17809010000.000,0,0,0,0,0,1.596385E+07,0,0,0,0,0,0,0,0,0,1.768079E+07,0,0,0,0,0
2020-01-02 10:06:53,3088.6,187480.000,17401120000.000,0,0,0,0,0,1.591523E+07,0,0,0,0,0,0,0,0,0,1.768726E+07,0,0,0,0,0
2020-01-02 10:06:58,3088.84,147856.000,14344520000.000,0,0,0,0,0,1.593134E+07,0,0,0,0,0,0,0,0,0,1.763039E+07,0,0,0,0,0
2020-01-02 10:07:03,3088.43,180552.000,19970130000.000,0,0,0,0,0,1.592649E+07,0,0,0,0,0,0,0,0,0,1.762183E+07,0,0,0,0,0
2020-01-02 10:07:09,3088.85,124360.000,13843300000.000,0,0,0,0,0,1.594634E+07,0,0,0,0,0,0,0,0,0,1.761379E+07,0,0,0,0,0
2020-01-02 10:07:13,3088.88,119920.000,13726910000.000,0,0,0,0,0,1.5991E+07,0,0,0,0,0,0,0,0,0,1.761034E+07,0,0,0,0,0
2020-01-02 10:07:18,3088.43,150128.000,16206790000.000,0,0,0,0,0,1.60418E+07,0,0,0,0,0,0,0,0,0,1.768295E+07,0,0,0,0,0
2020-01-02 10:07:23,3089.08,152160.000,14563670000.000,0,0,0,0,0,1.606212E+07,0,0,0,0,0,0,0,0,0,1.765624E+07,0,0,0,0,0
2020-01-02 10:07:28,3088.58,136472.000,13752070000.000,0,0,0,0,0,1.607844E+07,0,0,0,0,0,0,0,0,0,1.769753E+07,0,0,0,0,0
2020-01-02 10:07:33,3088.67,142104.000,17525900000.000,0,0,0,0,0,1.619002E+07,0,0,0,0,0,0,0,0,0,1.77051E+07,0,0,0,0,0
2020-01-02 10:07:38,3088.94,133480.000,14450430000.000,0,0,0,0,0,1.615912E+07,0,0,0,0,0,0,0,0,0,1.771187E+07,0,0,0,0,0
2020-01-02 10:07:43,3088.81,113656.000,12441350000.000,0,0,0,0,0,1.618594E+07,0,0,0,0,0,0,0,0,0,1.770085E+07,0,0,0,0,0
2020-01-02 10:07:48,3089.16,163672.000,17758680000.000,0,0,0,0,0,1.617188E+07,0,0,0,0,0,0,0,0,0,1.770342E+07,0,0,0,0,0
2020-01-02 10:07:53,3088.89,116400.000,12830380000.000,0,0,0,0,0,1.61967E+07,0,0,0,0,0,0,0,0,0,1.764875E+07,0,0,0,0,0
2020-01-02 10:07:59,3089.04,108776.000,11706300000.000,0,0,0,0,0,1.624025E+07,0,0,0,0,0,0,0,0,0,1.766683E+07,0,0,0,0,0
2020-01-02 10:08:03,3088.99,151088.000,16748900000.000,0,0,0,0,0,1.626805E+07,0,0,0,0,0,0,0,0,0,1.767545E+07,0,0,0,0,0
2020-01-02 10:08:08,3088.84,120336.000,13665040000.000,0,0,0,0,0,1.627263E+07,0,0,0,0,0,0,0,0,0,1.767336E+07,0,0,0,0,0
2020-01-02 10:08:13,3089,117184.000,11688480000.000,0,0,0,0,0,1.630947E+07,0,0,0,0,0,0,0,0,0,1.765113E+07,0,0,0,0,0
2020-01-02 10:08:18,3088.74,144208.000,16260270000.000,0,0,0,0,0,1.629037E+07,0,0,0,0,0,0,0,0,0,1.767912E+07,0,0,0,0,0
2020-01-02 10:08:23,3088.57,140368.000,15329130000.000,0,0,0,0,0,1.627487E+07,0,0,0,0,0,0,0,0,0,1.768829E+07,0,0,0,0,0
2020-01-02 10:08:28,3088.33,128824.000,14766050000.000,0,0,0,0,0,1.627729E+07,0,0,0,0,0,0,0,0,0,1.772943E+07,0,0,0,0,0
2020-01-02 10:08:33,3088.05,149928.000,15160310000.000,0,0,0,0,0,1.626933E+07,0,0,0,0,0,0,0,0,0,1.769872E+07,0,0,0,0,0
2020-01-02 10:08:38,3087.51,138696.000,15936260000.000,0,0,0,0,0,1.62666E+07,0,0,0,0,0,0,0,0,0,1.773426E+07,0,0,0,0,0
2020-01-02 10:08:43,3088.09,111536.000,12458130000.000,0,0,0,0,0,1.623021E+07,0,0,0,0,0,0,0,0,0,1.772545E+07,0,0,0,0,0
2020-01-02 10:08:48,3087.65,118720.000,14339280000.000,0,0,0,0,0,1.630452E+07,0,0,0,0,0,0,0,0,0,1.769767E+07,0,0,0,0,0
2020-01-02 10:08:53,3087.3,137872.000,15643710000.000,0,0,0,0,0,1.634062E+07,0,0,0,0,0,0,0,0,0,1.768494E+07,0,0,0,0,0
2020-01-02 10:08:58,3087.56,105864.000,12623810000.000,0,0,0,0,0,1.638122E+07,0,0,0,0,0,0,0,0,0,1.767072E+07,0,0,0,0,0
2020-01-02 10:09:03,3086.78,143584.000,16899900000.000,0,0,0,0,0,1.637315E+07,0,0,0,0,0,0,0,0,0,1.767294E+07,0,0,0,0,0
2020-01-02 10:09:08,3087.27,136208.000,14932770000.000,0,0,0,0,0,1.632178E+07,0,0,0,0,0,0,0,0,0,1.769444E+07,0,0,0,0,0
2020-01-02 10:09:13,3086.83,100760.000,11758730000.000,0,0,0,0,0,1.632878E+07,0,0,0,0,0,0,0,0,0,1.77201E+07,0,0,0,0,0
2020-01-02 10:09:18,3087.1,133400.000,16434330000.000,0,0,0,0,0,1.631614E+07,0,0,0,0,0,0,0,0,0,1.771651E+07,0,0,0,0,0
2020-01-02 10:09:23,3086.47,110488.000,14676920000.000,0,0,0,0,0,1.635375E+07,0,0,0,0,0,0,0,0,0,1.769432E+07,0,0,0,0,0
2020-01-02 10:09:28,3086.8,81984.000,9113174000.000,0,0,0,0,0,1.63672E+07,0,0,0,0,0,0,0,0,0,1.7712E+07,0,0,0,0,0
2020-01-02 10:09:33,3086.76,139736.000,14603520000.000,0,0,0,0,0,1.637275E+07,0,0,0,0,0,0,0,0,0,1.773176E+07,0,0,0,0,0
2020-01-02 10:09:38,3087,152280.000,15193870000.000,0,0,0,0,0,1.641611E+07,0,0,0,0,0,0,0,0,0,1.770517E+07,0,0,0,0,0
2020-01-02 10:09:43,3086.27,121696.000,12302940000.000,0,0,0,0,0,1.641465E+07,0,0,0,0,0,0,0,0,0,1.772906E+07,0,0,0,0,0
2020-01-02 10:09:48,3086.3,169200.000,16293820000.000,0,0,0,0,0,1.640851E+07,0,0,0,0,0,0,0,0,0,1.770679E+07,0,0,0,0,0
2020-01-02 10:09:53,3086.27,119152.000,14291040000.000,0,0,0,0,0,1.638394E+07,0,0,0,0,0,0,0,0,0,1.773959E+07,0,0,0,0,0
2020-01-02 10:09:58,3086.01,101768.000,11775510000.000,0,0,0,0,0,1.65238E+07,0,0,0,0,0,0,0,0,0,1.774284E+07,0,0,0,0,0
2020-01-02 10:10:03,3086.28,132592.000,13612610000.000,0,0,0,0,0,1.651134E+07,0,0,0,0,0,0,0,0,0,1.779722E+07,0,0,0,0,0
2020-01-02 10:10:08,3086.09,135584.000,14286850000.000,0,0,0,0,0,1.654139E+07,0,0,0,0,0,0,0,0,0,1.778839E+07,0,0,0,0,0
2020-01-02 10:10:13,3086,114080.000,12074350000.000,0,0,0,0,0,1.652058E+07,0,0,0,0,0,0,0,0,0,1.779956E+07,0,0,0,0,0
2020-01-02 10:10:18,3086.38,166072.000,19415430000.000,0,0,0,0,0,1.65887E+07,0,0,0,0,0,0,0,0,0,1.777423E+07,0,0,0,0,0
2020-01-02 10:10:23,3086.95,135000.000,13380880000.000,0,0,0,0,0,1.65716E+07,0,0,0,0,0,0,0,0,0,1.773834E+07,0,0,0,0,0
2020-01-02 10:10:28,3086.52,115848.000,13202620000.000,0,0,0,0,0,1.650922E+07,0,0,0,0,0,0,0,0,0,1.782615E+07,0,0,0,0,0
2020-01-02 10:10:33,3087.04,123384.000,14932770000.000,0,0,0,0,0,1.655337E+07,0,0,0,0,0,0,0,0,0,1.78209E+07,0,0,0,0,0
2020-01-02 10:10:38,3086.65,180992.000,21278750000.000,0,0,0,0,0,1.656166E+07,0,0,0,0,0,0,0,0,0,1.781924E+07,0,0,0,0,0
2020-01-02 10:10:43,3087.95,121928.000,14433650000.000,0,0,0,0,0,1.658218E+07,0,0,0,0,0,0,0,0,0,1.775303E+07,0,0,0,0,0
2020-01-02 10:10:48,3087.36,134888.000,17473470000.000,0,0,0,0,0,1.659776E+07,0,0,0,0,0,0,0,0,0,1.776228E+07,0,0,0,0,0
2020-01-02 10:10:53,3087.94,126808.000,14278460000.000,0,0,0,0,0,1.662278E+07,0,0,0,0,0,0,0,0,0,1.77403E+07,0,0,0,0,0
2020-01-02 10:10:58,3087.19,93144.000,11058280000.000,0,0,0,0,0,1.663433E+07,0,0,0,0,0,0,0,0,0,1.778325E+07,0,0,0,0,0
2020-01-02 10:11:03,3087.93,140840.000,16116610000.000,0,0,0,0,0,1.663006E+07,0,0,0,0,0,0,0,0,0,1.779943E+07,0,0,0,0,0
2020-01-02 10:11:08,3087.85,123512.000,14778630000.000,0,0,0,0,0,1.663022E+07,0,0,0,0,0,0,0,0,0,1.780592E+07,0,0,0,0,0
2020-01-02 10:11:14,3087.9,95448.000,12044990000.000,0,0,0,0,0,1.668612E+07,0,0,0,0,0,0,0,0,0,1.779591E+07,0,0,0,0,0
2020-01-02 10:11:18,3088.06,102872.000,13542360000.000,0,0,0,0,0,1.675392E+07,0,0,0,0,0,0,0,0,0,1.783035E+07,0,0,0,0,0
2020-01-02 10:11:23,3087.79,111176.000,12424580000.000,0,0,0,0,0,1.681631E+07,0,0,0,0,0,0,0,0,0,1.781206E+07,0,0,0,0,0
2020-01-02 10:11:28,3087.45,80384.000,10239340000.000,0,0,0,0,0,1.67987E+07,0,0,0,0,0,0,0,0,0,1.787559E+07,0,0,0,0,0
2020-01-02 10:11:33,3087.8,123752.000,13783530000.000,0,0,0,0,0,1.682798E+07,0,0,0,0,0,0,0,0,0,1.790938E+07,0,0,0,0,0
2020-01-02 10:11:38,3087.48,121776.000,14383320000.000,0,0,0,0,0,1.675616E+07,0,0,0,0,0,0,0,0,0,1.789643E+07,0,0,0,0,0
2020-01-02 10:11:43,3087.45,93992.000,11327770000.000,0,0,0,0,0,1.68659E+07,0,0,0,0,0,0,0,0,0,1.789111E+07,0,0,0,0,0
2020-01-02 10:11:48,3087.45,112840.000,12275680000.000,0,0,0,0,0,1.684614E+07,0,0,0,0,0,0,0,0,0,1.788983E+07,0,0,0,0,0
2020-01-02 10:11:53,3087.26,106080.000,10679750000.000,0,0,0,0,0,1.687732E+07,0,0,0,0,0,0,0,0,0,1.791509E+07,0,0,0,0,0
2020-01-02 10:11:58,3087.4,85808.000,11183060000.000,0,0,0,0,0,1.690617E+07,0,0,0,0,0,0,0,0,0,1.792522E+07,0,0,0,0,0
2020-01-02 10:12:04,3088.02,103032.000,12426670000.000,0,0,0,0,0,1.69882E+07,0,0,0,0,0,0,0,0,0,1.792084E+07,0,0,0,0,0
2020-01-02 10:12:08,3087.66,100224.000,11344540000.000,0,0,0,0,0,1.69678E+07,0,0,0,0,0,0,0,0,0,1.792215E+07,0,0,0,0,0
2020-01-02 10:12:13,3087.8,85912.000,9729737000.000,0,0,0,0,0,1.697748E+07,0,0,0,0,0,0,0,0,0,1.797319E+07,0,0,0,0,0
2020-01-02 10:12:18,3087.33,102568.000,11027870000.000,0,0,0,0,0,1.696973E+07,0,0,0,0,0,0,0,0,0,1.799403E+07,0,0,0,0,0
2020-01-02 10:12:23,3087.13,108360.000,12108960000.000,0,0,0,0,0,1.698076E+07,0,0,0,0,0,0,0,0,0,1.794689E+07,0,0,0,0,0
2020-01-02 10:12:28,3087.35,103104.000,10890510000.000,0,0,0,0,0,1.70354E+07,0,0,0,0,0,0,0,0,0,1.796193E+07,0,0,0,0,0
2020-01-02 10:12:33,3087.39,106152.000,12149850000.000,0,0,0,0,0,1.70789E+07,0,0,0,0,0,0,0,0,0,1.797041E+07,0,0,0,0,0
2020-01-02 10:12:38,3088.28,115040.000,11810110000.000,0,0,0,0,0,1.70635E+07,0,0,0,0,0,0,0,0,0,1.796171E+07,0,0,0,0,0
2020-01-02 10:12:43,3087.55,94680.000,10392440000.000,0,0,0,0,0,1.704895E+07,0,0,0,0,0,0,0,0,0,1.793631E+07,0,0,0,0,0
2020-01-02 10:12:48,3087.46,137648.000,14080280000.000,0,0,0,0,0,1.707549E+07,0,0,0,0,0,0,0,0,0,1.79208E+07,0,0,0,0,0
2020-01-02 10:12:53,3087.72,119632.000,12706640000.000,0,0,0,0,0,1.708991E+07,0,0,0,0,0,0,0,0,0,1.794363E+07,0,0,0,0,0
2020-01-02 10:12:58,3088.07,100464.000,10520360000.000,0,0,0,0,0,1.710159E+07,0,0,0,0,0,0,0,0,0,1.791876E+07,0,0,0,0,0
2020-01-02 10:13:03,3087.81,117168.000,11760830000.000,0,0,0,0,0,1.71026E+07,0,0,0,0,0,0,0,0,0,1.790585E+07,0,0,0,0,0
2020-01-02 10:13:09,3087.77,115360.000,12529430000.000,0,0,0,0,0,1.711856E+07,0,0,0,0,0,0,0,0,0,1.7914E+07,0,0,0,0,0
2020-01-02 10:13:13,3087.63,95600.000,9878634000.000,0,0,0,0,0,1.710244E+07,0,0,0,0,0,0,0,0,0,1.795077E+07,0,0,0,0,0
2020-01-02 10:13:18,3088.3,115512.000,13246660000.000,0,0,0,0,0,1.716097E+07,0,0,0,0,0,0,0,0,0,1.794295E+07,0,0,0,0,0
2020-01-02 10:13:23,3088.3,108200.000,10998510000.000,0,0,0,0,0,1.716095E+07,0,0,0,0,0,0,0,0,0,1.794423E+07,0,0,0,0,0
2020-01-02 10:13:29,3088.4,100696.000,10819210000.000,0,0,0,0,0,1.713166E+07,0,0,0,0,0,0,0,0,0,1.79488E+07,0,0,0,0,0
2020-01-02 10:13:33,3087.83,95512.000,12069110000.000,0,0,0,0,0,1.717193E+07,0,0,0,0,0,0,0,0,0,1.796059E+07,0,0,0,0,0
2020-01-02 10:13:38,3087.63,104144.000,12484350000.000,0,0,0,0,0,1.718824E+07,0,0,0,0,0,0,0,0,0,1.794188E+07,0,0,0,0,0
2020-01-02 10:13:43,3088.34,95640.000,11078210000.000,0,0,0,0,0,1.71755E+07,0,0,0,0,0,0,0,0,0,1.793154E+07,0,0,0,0,0
2020-01-02 10:13:49,3089.04,143208.000,14928580000.000,0,0,0,0,0,1.718857E+07,0,0,0,0,0,0,0,0,0,1.792267E+07,0,0,0,0,0
2020-01-02 10:13:53,3088.61,111904.000,13215200000.000,0,0,0,0,0,1.721446E+07,0,0,0,0,0,0,0,0,0,1.791204E+07,0,0,0,0,0
2020-01-02 10:13:58,3088.4,105672.000,11616120000.000,0,0,0,0,0,1.724747E+07,0,0,0,0,0,0,0,0,0,1.791993E+07,0,0,0,0,0
2020-01-02 10:14:03,3088.56,112704.000,16413360000.000,0,0,0,0,0,1.719602E+07,0,0,0,0,0,0,0,0,0,1.79526E+07,0,0,0,0,0
2020-01-02 10:14:08,3088.6,108728.000,14323550000.000,0,0,0,0,0,1.724789E+07,0,0,0,0,0,0,0,0,0,1.791508E+07,0,0,0,0,0
2020-01-02 10:14:13,3088.32,101488.000,10415510000.000,0,0,0,0,0,1.729551E+07,0,0,0,0,0,0,0,0,0,1.783383E+07,0,0,0,0,0
2020-01-02 10:14:18,3089.1,104600.000,11648630000.000,0,0,0,0,0,1.723793E+07,0,0,0,0,0,0,0,0,0,1.791724E+07,0,0,0,0,0
2020-01-02 10:14:23,3088.64,116888.000,12505320000.000,0,0,0,0,0,1.728474E+07,0,0,0,0,0,0,0,0,0,1.793469E+07,0,0,0,0,0
2020-01-02 10:14:28,3088.21,96128.000,10288630000.000,0,0,0,0,0,1.733494E+07,0,0,0,0,0,0,0,0,0,1.794587E+07,0,0,0,0,0
2020-01-02 10:14:33,3088.43,90264.000,11202990000.000,0,0,0,0,0,1.732377E+07,0,0,0,0,0,0,0,0,0,1.799815E+07,0,0,0,0,0
2020-01-02 10:14:38,3088.52,109944.000,12232690000.000,0,0,0,0,0,1.731587E+07,0,0,0,0,0,0,0,0,0,1.800113E+07,0,0,0,0,0
2020-01-02 10:14:43,3088.16,81176.000,10559160000.000,0,0,0,0,0,1.73023E+07,0,0,0,0,0,0,0,0,0,1.804774E+07,0,0,0,0,0
2020-01-02 10:14:48,3088.23,107312.000,12959350000.000,0,0,0,0,0,1.731354E+07,0,0,0,0,0,0,0,0,0,1.8068E+07,0,0,0,0,0
2020-01-02 10:14:53,3088.12,99800.000,10973350000.000,0,0,0,0,0,1.734547E+07,0,0,0,0,0,0,0,0,0,1.805592E+07,0,0,0,0,0
2020-01-02 10:14:58,3088.44,100456.000,11278480000.000,0,0,0,0,0,1.731192E+07,0,0,0,0,0,0,0,0,0,1.806458E+07,0,0,0,0,0
2020-01-02 10:15:03,3088.25,91328.000,10494150000.000,0,0,0,0,0,1.731724E+07,0,0,0,0,0,0,0,0,0,1.809646E+07,0,0,0,0,0
2020-01-02 10:15:09,3088.17,101992.000,12280920000.000,0,0,0,0,0,1.732929E+07,0,0,0,0,0,0,0,0,0,1.811414E+07,0,0,0,0,0
2020-01-02 10:15:13,3088.55,81032.000,10727980000.000,0,0,0,0,0,1.727249E+07,0,0,0,0,0,0,0,0,0,1.81505E+07,0,0,0,0,0
2020-01-02 10:15:18,3088.76,106728.000,12629050000.000,0,0,0,0,0,1.725419E+07,0,0,0,0,0,0,0,0,0,1.817499E+07,0,0,0,0,0
2020-01-02 10:15:23,3088.17,120640.000,12207520000.000,0,0,0,0,0,1.727513E+07,0,0,0,0,0,0,0,0,0,1.817733E+07,0,0,0,0,0
2020-01-02 10:15:28,3088.34,119928.000,13864270000.000,0,0,0,0,0,1.731736E+07,0,0,0,0,0,0,0,0,0,1.819286E+07,0,0,0,0,0
2020-01-02 10:15:33,3088.2,138176.000,15645800000.000,0,0,0,0,0,1.726912E+07,0,0,0,0,0,0,0,0,0,1.818849E+07,0,0,0,0,0
2020-01-02 10:15:39,3088.5,96168.000,11713640000.000,0,0,0,0,0,1.729316E+07,0,0,0,0,0,0,0,0,0,1.817156E+07,0,0,0,0,0
2020-01-02 10:15:43,3088,110488.000,11799630000.000,0,0,0,0,0,1.724824E+07,0,0,0,0,0,0,0,0,0,1.819737E+07,0,0,0,0,0
2020-01-02 10:15:48,3088.03,131904.000,14805890000.000,0,0,0,0,0,1.723259E+07,0,0,0,0,0,0,0,0,0,1.819031E+07,0,0,0,0,0
2020-01-02 10:15:53,3087.8,105336.000,11946430000.000,0,0,0,0,0,1.717646E+07,0,0,0,0,0,0,0,0,0,1.823589E+07,0,0,0,0,0
2020-01-02 10:15:58,3088.05,87264.000,9901703000.000,0,0,0,0,0,1.718835E+07,0,0,0,0,0,0,0,0,0,1.824808E+07,0,0,0,0,0
2020-01-02 10:16:03,3087.06,126080.000,14724100000.000,0,0,0,0,0,1.722345E+07,0,0,0,0,0,0,0,0,0,1.82553E+07,0,0,0,0,0
2020-01-02 10:16:08,3087.15,102120.000,12538870000.000,0,0,0,0,0,1.723254E+07,0,0,0,0,0,0,0,0,0,1.825978E+07,0,0,0,0,0
2020-01-02 10:16:13,3087.38,96608.000,10935600000.000,0,0,0,0,0,1.725768E+07,0,0,0,0,0,0,0,0,0,1.825959E+07,0,0,0,0,0
2020-01-02 10:16:18,3087.86,108472.000,14745080000.000,0,0,0,0,0,1.728781E+07,0,0,0,0,0,0,0,0,0,1.821999E+07,0,0,0,0,0
2020-01-02 10:16:23,3087.4,88688.000,12002000000.000,0,0,0,0,0,1.72851E+07,0,0,0,0,0,0,0,0,0,1.824357E+07,0,0,0,0,0
2020-01-02 10:16:28,3087.69,103368.000,13756270000.000,0,0,0,0,0,1.731893E+07,0,0,0,0,0,0,0,0,0,1.821148E+07,0,0,0,0,0
2020-01-02 10:16:33,3087.76,145384.000,15793650000.000,0,0,0,0,0,1.73733E+07,0,0,0,0,0,0,0,0,0,1.8137E+07,0,0,0,0,0
2020-01-02 10:16:38,3088.8,118936.000,12975080000.000,0,0,0,0,0,2.035746E+07,0,0,0,0,0,0,0,0,0,2.089735E+07,0,0,0,0,0
2020-01-02 10:16:43,3087.89,101872.000,11587810000.000,0,0,0,0,0,1.730659E+07,0,0,0,0,0,0,0,0,0,1.812679E+07,0,0,0,0,0
2020-01-02 10:16:49,3088.22,98256.000,12275680000.000,0,0,0,0,0,1.730798E+07,0,0,0,0,0,0,0,0,0,1.813988E+07,0,0,0,0,0
2020-01-02 10:16:54,3088.45,97768.000,11520700000.000,0,0,0,0,0,1.728954E+07,0,0,0,0,0,0,0,0,0,1.818395E+07,0,0,0,0,0
2020-01-02 10:16:58,3088.18,86416.000,10735320000.000,0,0,0,0,0,1.732576E+07,0,0,0,0,0,0,0,0,0,1.819922E+07,0,0,0,0,0
2020-01-02 10:17:04,3088.52,109856.000,13891530000.000,0,0,0,0,0,1.735819E+07,0,0,0,0,0,0,0,0,0,1.820342E+07,0,0,0,0,0
2020-01-02 10:17:08,3087.94,85936.000,10173280000.000,0,0,0,0,0,2.033703E+07,0,0,0,0,0,0,0,0,0,2.10666E+07,0,0,0,0,0
2020-01-02 10:17:13,3088.28,110760.000,10991170000.000,0,0,0,0,0,1.742427E+07,0,0,0,0,0,0,0,0,0,1.820643E+07,0,0,0,0,0
2020-01-02 10:17:18,3088.95,115104.000,13634630000.000,0,0,0,0,0,1.743891E+07,0,0,0,0,0,0,0,0,0,1.822017E+07,0,0,0,0,0
2020-01-02 10:17:23,3088.46,104504.000,13134460000.000,0,0,0,0,0,1.746934E+07,0,0,0,0,0,0,0,0,0,1.825828E+07,0,0,0,0,0
2020-01-02 10:17:28,3088.2,72632.000,10323230000.000,0,0,0,0,0,1.749373E+07,0,0,0,0,0,0,0,0,0,1.826911E+07,0,0,0,0,0
2020-01-02 10:17:33,3087.77,91352.000,10651440000.000,0,0,0,0,0,1.749778E+07,0,0,0,0,0,0,0,0,0,1.829658E+07,0,0,0,0,0
2020-01-02 10:17:38,3088.18,98896.000,11250170000.000,0,0,0,0,0,1.748019E+07,0,0,0,0,0,0,0,0,0,1.8292E+07,0,0,0,0,0
2020-01-02 10:17:43,3088.35,75840.000,10147070000.000,0,0,0,0,0,1.754116E+07,0,0,0,0,0,0,0,0,0,1.829543E+07,0,0,0,0,0
2020-01-02 10:17:48,3088.26,95472.000,12092180000.000,0,0,0,0,0,1.753089E+07,0,0,0,0,0,0,0,0,0,1.831923E+07,0,0,0,0,0
2020-01-02 10:17:53,3088.48,104904.000,11815350000.000,0,0,0,0,0,1.752397E+07,0,0,0,0,0,0,0,0,0,1.833083E+07,0,0,0,0,0
2020-01-02 10:17:59,3087.78,88608.000,10164900000.000,0,0,0,0,0,1.756426E+07,0,0,0,0,0,0,0,0,0,1.830539E+07,0,0,0,0,0
2020-01-02 10:18:03,3088.13,97416.000,12758020000.000,0,0,0,0,0,1.760944E+07,0,0,0,0,0,0,0,0,0,1.829526E+07,0,0,0,0,0
2020-01-02 10:18:09,3087.6,91848.000,10945040000.000,0,0,0,0,0,1.759245E+07,0,0,0,0,0,0,0,0,0,1.831044E+07,0,0,0,0,0
2020-01-02 10:18:13,3088.05,98808.000,10780410000.000,0,0,0,0,0,1.761844E+07,0,0,0,0,0,0,0,0,0,1.830201E+07,0,0,0,0,0
2020-01-02 10:18:18,3087.4,109664.000,13693350000.000,0,0,0,0,0,1.76345E+07,0,0,0,0,0,0,0,0,0,1.825835E+07,0,0,0,0,0
2020-01-02 10:18:23,3087.89,94984.000,12502170000.000,0,0,0,0,0,1.759709E+07,0,0,0,0,0,0,0,0,0,1.827991E+07,0,0,0,0,0
2020-01-02 10:18:29,3087.31,96240.000,10998510000.000,0,0,0,0,0,1.756486E+07,0,0,0,0,0,0,0,0,0,1.82799E+07,0,0,0,0,0
2020-01-02 10:18:33,3087.61,106088.000,13995340000.000,0,0,0,0,0,1.75953E+07,0,0,0,0,0,0,0,0,0,1.831276E+07,0,0,0,0,0
2020-01-02 10:18:38,3087.46,74680.000,8947499000.000,0,0,0,0,0,1.759429E+07,0,0,0,0,0,0,0,0,0,1.82808E+07,0,0,0,0,0
2020-01-02 10:18:43,3087.56,160392.000,11123290000.000,0,0,0,0,0,1.767716E+07,0,0,0,0,0,0,0,0,0,1.823251E+07,0,0,0,0,0
2020-01-02 10:18:48,3087.49,123504.000,12300850000.000,0,0,0,0,0,1.767365E+07,0,0,0,0,0,0,0,0,0,1.82217E+07,0,0,0,0,0
2020-01-02 10:18:54,3088.09,96240.000,11907630000.000,0,0,0,0,0,1.77422E+07,0,0,0,0,0,0,0,0,0,1.818864E+07,0,0,0,0,0
2020-01-02 10:18:58,3087.75,100880.000,11714690000.000,0,0,0,0,0,1.775871E+07,0,0,0,0,0,0,0,0,0,1.818123E+07,0,0,0,0,0
2020-01-02 10:19:03,3087.34,116800.000,12624860000.000,0,0,0,0,0,1.773227E+07,0,0,0,0,0,0,0,0,0,1.821341E+07,0,0,0,0,0
2020-01-02 10:19:08,3087.38,71200.000,9135194000.000,0,0,0,0,0,2.055918E+07,0,0,0,0,0,0,0,0,0,2.102879E+07,0,0,0,0,0
2020-01-02 10:19:13,3087.37,91264.000,11214520000.000,0,0,0,0,0,1.769141E+07,0,0,0,0,0,0,0,0,0,1.81961E+07,0,0,0,0,0
2020-01-02 10:19:18,3087.23,107384.000,12709790000.000,0,0,0,0,0,1.767338E+07,0,0,0,0,0,0,0,0,0,1.823431E+07,0,0,0,0,0
2020-01-02 10:19:23,3087.25,96016.000,11880370000.000,0,0,0,0,0,1.766216E+07,0,0,0,0,0,0,0,0,0,1.823446E+07,0,0,0,0,0
2020-01-02 10:19:28,3086.91,91840.000,11467230000.000,0,0,0,0,0,1.762382E+07,0,0,0,0,0,0,0,0,0,1.826272E+07,0,0,0,0,0
2020-01-02 10:19:33,3086.99,112744.000,13951300000.000,0,0,0,0,0,1.762617E+07,0,0,0,0,0,0,0,0,0,1.827175E+07,0,0,0,0,0
2020-01-02 10:19:38,3086.42,98928.000,11391730000.000,0,0,0,0,0,1.759898E+07,0,0,0,0,0,0,0,0,0,1.826678E+07,0,0,0,0,0
2020-01-02 10:19:44,3086.73,108264.000,12927890000.000,0,0,0,0,0,2.027219E+07,0,0,0,0,0,0,0,0,0,2.114147E+07,0,0,0,0,0
2020-01-02 10:19:48,3086.93,93488.000,12036600000.000,0,0,0,0,0,1.751877E+07,0,0,0,0,0,0,0,0,0,1.829874E+07,0,0,0,0,0
2020-01-02 10:19:53,3086.55,94696.000,11050940000.000,0,0,0,0,0,1.752783E+07,0,0,0,0,0,0,0,0,0,1.832436E+07,0,0,0,0,0
2020-01-02 10:19:58,3086.33,120608.000,12953060000.000,0,0,0,0,0,1.751839E+07,0,0,0,0,0,0,0,0,0,1.836552E+07,0,0,0,0,0
2020-01-02 10:20:03,3086.38,139048.000,14370730000.000,0,0,0,0,0,1.75228E+07,0,0,0,0,0,0,0,0,0,1.834114E+07,0,0,0,0,0
2020-01-02 10:20:08,3086.75,101272.000,11573130000.000,0,0,0,0,0,1.751423E+07,0,0,0,0,0,0,0,0,0,1.834093E+07,0,0,0,0,0
2020-01-02 10:20:13,3086.29,118888.000,12264140000.000,0,0,0,0,0,1.750132E+07,0,0,0,0,0,0,0,0,0,1.832497E+07,0,0,0,0,0
2020-01-02 10:20:19,3085.89,129400.000,14172550000.000,0,0,0,0,0,1.752548E+07,0,0,0,0,0,0,0,0,0,1.826524E+07,0,0,0,0,0
2020-01-02 10:20:23,3086.22,90424.000,11813260000.000,0,0,0,0,0,1.752391E+07,0,0,0,0,0,0,0,0,0,1.827925E+07,0,0,0,0,0
2020-01-02 10:20:28,3085.86,100568.000,12404650000.000,0,0,0,0,0,1.754432E+07,0,0,0,0,0,0,0,0,0,1.830345E+07,0,0,0,0,0
2020-01-02 10:20:33,3086.4,95152.000,11056190000.000,0,0,0,0,0,1.755707E+07,0,0,0,0,0,0,0,0,0,1.832881E+07,0,0,0,0,0
2020-01-02 10:20:38,3086.13,116264.000,12860780000.000,0,0,0,0,0,1.764057E+07,0,0,0,0,0,0,0,0,0,1.830362E+07,0,0,0,0,0
2020-01-02 10:20:43,3086.53,106280.000,11655970000.000,0,0,0,0,0,1.760441E+07,0,0,0,0,0,0,0,0,0,1.831007E+07,0,0,0,0,0
2020-01-02 10:20:49,3085.82,112072.000,13054770000.000,0,0,0,0,0,1.763353E+07,0,0,0,0,0,0,0,0,0,1.830229E+07,0,0,0,0,0
2020-01-02 10:20:53,3086.42,91720.000,11340350000.000,0,0,0,0,0,1.764911E+07,0,0,0,0,0,0,0,0,0,1.831297E+07,0,0,0,0,0
2020-01-02 10:20:58,3085.46,126640.000,12016680000.000,0,0,0,0,0,1.766478E+07,0,0,0,0,0,0,0,0,0,1.832347E+07,0,0,0,0,0
2020-01-02 10:21:03,3086.01,90848.000,11883510000.000,0,0,0,0,0,1.769747E+07,0,0,0,0,0,0,0,0,0,1.832084E+07,0,0,0,0,0
2020-01-02 10:21:08,3086.05,78920.000,9830400000.000,0,0,0,0,0,1.771268E+07,0,0,0,0,0,0,0,0,0,1.832829E+07,0,0,0,0,0
2020-01-02 10:21:13,3086.2,93104.000,11051990000.000,0,0,0,0,0,1.770717E+07,0,0,0,0,0,0,0,0,0,1.837951E+07,0,0,0,0,0
2020-01-02 10:21:18,3086.27,110184.000,13070500000.000,0,0,0,0,0,1.775577E+07,0,0,0,0,0,0,0,0,0,1.840398E+07,0,0,0,0,0
2020-01-02 10:21:24,3086.24,92592.000,12803110000.000,0,0,0,0,0,1.775821E+07,0,0,0,0,0,0,0,0,0,1.840445E+07,0,0,0,0,0
2020-01-02 10:21:28,3085.81,91360.000,10799280000.000,0,0,0,0,0,1.774276E+07,0,0,0,0,0,0,0,0,0,1.84129E+07,0,0,0,0,0
2020-01-02 10:21:33,3086.48,86720.000,10791940000.000,0,0,0,0,0,1.775186E+07,0,0,0,0,0,0,0,0,0,1.839577E+07,0,0,0,0,0
2020-01-02 10:21:38,3086.3,100112.000,12482250000.000,0,0,0,0,0,1.775632E+07,0,0,0,0,0,0,0,0,0,1.837564E+07,0,0,0,0,0
2020-01-02 10:21:43,3086.55,105248.000,11896090000.000,0,0,0,0,0,1.778238E+07,0,0,0,0,0,0,0,0,0,1.836694E+07,0,0,0,0,0
2020-01-02 10:21:48,3087.06,117112.000,14803800000.000,0,0,0,0,0,1.77897E+07,0,0,0,0,0,0,0,0,0,1.835525E+07,0,0,0,0,0
2020-01-02 10:21:53,3086.74,110024.000,11977880000.000,0,0,0,0,0,1.777196E+07,0,0,0,0,0,0,0,0,0,1.838958E+07,0,0,0,0,0
2020-01-02 10:21:59,3086.73,105120.000,12186550000.000,0,0,0,0,0,1.781712E+07,0,0,0,0,0,0,0,0,0,1.837455E+07,0,0,0,0,0
2020-01-02 10:22:04,3087.72,127664.000,13972280000.000,0,0,0,0,0,1.77877E+07,0,0,0,0,0,0,0,0,0,1.836618E+07,0,0,0,0,0
2020-01-02 10:22:08,3087.04,104224.000,11658070000.000,0,0,0,0,0,1.780039E+07,0,0,0,0,0,0,0,0,0,1.83377E+07,0,0,0,0,0
2020-01-02 10:22:13,3087.58,122616.000,12160340000.000,0,0,0,0,0,1.783493E+07,0,0,0,0,0,0,0,0,0,1.831102E+07,0,0,0,0,0
2020-01-02 10:22:18,3087.99,131704.000,15130950000.000,0,0,0,0,0,1.787601E+07,0,0,0,0,0,0,0,0,0,1.828541E+07,0,0,0,0,0
2020-01-02 10:22:23,3087.48,92768.000,10567550000.000,0,0,0,0,0,1.782936E+07,0,0,0,0,0,0,0,0,0,1.83311E+07,0,0,0,0,0
2020-01-02 10:22:28,3086.91,92616.000,9672065000.000,0,0,0,0,0,1.786158E+07,0,0,0,0,0,0,0,0,0,1.829506E+07,0,0,0,0,0
2020-01-02 10:22:33,3087.04,92392.000,11839470000.000,0,0,0,0,0,1.787215E+07,0,0,0,0,0,0,0,0,0,1.832734E+07,0,0,0,0,0
2020-01-02 10:22:39,3087.37,73296.000,9131000000.000,0,0,0,0,0,1.787193E+07,0,0,0,0,0,0,0,0,0,1.832845E+07,0,0,0,0,0
2020-01-02 10:22:43,3087.5,95752.000,11045700000.000,0,0,0,0,0,1.785049E+07,0,0,0,0,0,0,0,0,0,1.833754E+07,0,0,0,0,0
2020-01-02 10:22:48,3087.73,97312.000,11296310000.000,0,0,0,0,0,1.787018E+07,0,0,0,0,0,0,0,0,0,1.83396E+07,0,0,0,0,0
2020-01-02 10:22:53,3087.15,80128.000,9043968000.000,0,0,0,0,0,1.789067E+07,0,0,0,0,0,0,0,0,0,1.835394E+07,0,0,0,0,0
2020-01-02 10:22:58,3087.55,111480.000,11446260000.000,0,0,0,0,0,1.793866E+07,0,0,0,0,0,0,0,0,0,1.836492E+07,0,0,0,0,0
2020-01-02 10:23:03,3088.11,118784.000,11993610000.000,0,0,0,0,0,1.795288E+07,0,0,0,0,0,0,0,0,0,1.834317E+07,0,0,0,0,0
2020-01-02 10:23:08,3088.15,101184.000,10360980000.000,0,0,0,0,0,1.797164E+07,0,0,0,0,0,0,0,0,0,1.835841E+07,0,0,0,0,0
2020-01-02 10:23:13,3087.66,80584.000,9007268000.000,0,0,0,0,0,1.797867E+07,0,0,0,0,0,0,0,0,0,1.832393E+07,0,0,0,0,0
2020-01-02 10:23:19,3087.92,122520.000,13347320000.000,0,0,0,0,0,1.796205E+07,0,0,0,0,0,0,0,0,0,1.83397E+07,0,0,0,0,0
2020-01-02 10:23:23,3087.86,87560.000,10337910000.000,0,0,0,0,0,1.797243E+07,0,0,0,0,0,0,0,0,0,1.833498E+07,0,0,0,0,0
2020-01-02 10:23:28,3087.81,94368.000,10025440000.000,0,0,0,0,0,1.79841E+07,0,0,0,0,0,0,0,0,0,1.83233E+07,0,0,0,0,0
2020-01-02 10:23:33,3087.84,95288.000,10736370000.000,0,0,0,0,0,1.802657E+07,0,0,0,0,0,0,0,0,0,1.832646E+07,0,0,0,0,0
2020-01-02 10:23:38,3087.53,87728.000,10958670000.000,0,0,0,0,0,1.809801E+07,0,0,0,0,0,0,0,0,0,1.829836E+07,0,0,0,0,0
2020-01-02 10:23:43,3087.55,70240.000,7961838000.000,0,0,0,0,0,1.8106E+07,0,0,0,0,0,0,0,0,0,1.831978E+07,0,0,0,0,0
2020-01-02 10:23:48,3088.1,100336.000,11981030000.000,0,0,0,0,0,1.8131E+07,0,0,0,0,0,0,0,0,0,1.832471E+07,0,0,0,0,0
2020-01-02 10:23:53,3087.7,105272.000,12405700000.000,0,0,0,0,0,1.816653E+07,0,0,0,0,0,0,0,0,0,1.82642E+07,0,0,0,0,0
2020-01-02 10:23:58,3087.86,103648.000,11507070000.000,0,0,0,0,0,1.811477E+07,0,0,0,0,0,0,0,0,0,1.82573E+07,0,0,0,0,0
2020-01-02 10:24:03,3089.34,119328.000,13526630000.000,0,0,0,0,0,1.815022E+07,0,0,0,0,0,0,0,0,0,1.825577E+07,0,0,0,0,0
2020-01-02 10:24:08,3087.84,97040.000,10733220000.000,0,0,0,0,0,1.81256E+07,0,0,0,0,0,0,0,0,0,1.825567E+07,0,0,0,0,0
2020-01-02 10:24:13,3087.82,86272.000,9714008000.000,0,0,0,0,0,1.816833E+07,0,0,0,0,0,0,0,0,0,1.824007E+07,0,0,0,0,0
2020-01-02 10:24:18,3088.33,92352.000,10561260000.000,0,0,0,0,0,1.81976E+07,0,0,0,0,0,0,0,0,0,1.824981E+07,0,0,0,0,0
2020-01-02 10:24:23,3088.29,85568.000,9606005000.000,0,0,0,0,0,1.818681E+07,0,0,0,0,0,0,0,0,0,1.825395E+07,0,0,0,0,0
2020-01-02 10:24:29,3088.39,90872.000,9569305000.000,0,0,0,0,0,1.818543E+07,0,0,0,0,0,0,0,0,0,1.825482E+07,0,0,0,0,0
2020-01-02 10:24:33,3088.12,107712.000,10556010000.000,0,0,0,0,0,1.81797E+07,0,0,0,0,0,0,0,0,0,1.823931E+07,0,0,0,0,0
2020-01-02 10:24:38,3088.63,79536.000,10811870000.000,0,0,0,0,0,1.815685E+07,0,0,0,0,0,0,0,0,0,1.8234E+07,0,0,0,0,0
2020-01-02 10:24:43,3088.61,109784.000,13552840000.000,0,0,0,0,0,1.822414E+07,0,0,0,0,0,0,0,0,0,1.820619E+07,0,0,0,0,0
2020-01-02 10:24:48,3088.45,115432.000,12781090000.000,0,0,0,0,0,1.822261E+07,0,0,0,0,0,0,0,0,0,1.820647E+07,0,0,0,0,0
2020-01-02 10:24:53,3088.65,87280.000,10674500000.000,0,0,0,0,0,1.819516E+07,0,0,0,0,0,0,0,0,0,1.821921E+07,0,0,0,0,0
2020-01-02 10:24:59,3089.1,98136.000,12311330000.000,0,0,0,0,0,1.819042E+07,0,0,0,0,0,0,0,0,0,1.824319E+07,0,0,0,0,0
2020-01-02 10:25:03,3089.76,129240.000,16223570000.000,0,0,0,0,0,1.822992E+07,0,0,0,0,0,0,0,0,0,1.824859E+07,0,0,0,0,0
2020-01-02 10:25:08,3089.47,109696.000,12849250000.000,0,0,0,0,0,1.827391E+07,0,0,0,0,0,0,0,0,0,1.824358E+07,0,0,0,0,0
2020-01-02 10:25:13,3089.59,112464.000,11920210000.000,0,0,0,0,0,1.834E+07,0,0,0,0,0,0,0,0,0,1.821282E+07,0,0,0,0,0
2020-01-02 10:25:18,3089.98,111528.000,12138320000.000,0,0,0,0,0,1.827773E+07,0,0,0,0,0,0,0,0,0,1.821678E+07,0,0,0,0,0
2020-01-02 10:25:23,3089.34,101984.000,12148800000.000,0,0,0,0,0,1.820489E+07,0,0,0,0,0,0,0,0,0,1.820966E+07,0,0,0,0,0
2020-01-02 10:25:28,3089.59,90376.000,11266950000.000,0,0,0,0,0,1.820116E+07,0,0,0,0,0,0,0,0,0,1.82139E+07,0,0,0,0,0
2020-01-02 10:25:33,3089.43,110368.000,13461620000.000,0,0,0,0,0,1.818671E+07,0,0,0,0,0,0,0,0,0,1.829024E+07,0,0,0,0,0
2020-01-02 10:25:38,3089.37,85040.000,11476660000.000,0,0,0,0,0,1.817482E+07,0,0,0,0,0,0,0,0,0,1.830737E+07,0,0,0,0,0
2020-01-02 10:25:44,3089.69,84624.000,9787408000.000,0,0,0,0,0,1.816571E+07,0,0,0,0,0,0,0,0,0,1.829538E+07,0,0,0,0,0
2020-01-02 10:25:48,3090.33,104776.000,13566480000.000,0,0,0,0,0,1.822609E+07,0,0,0,0,0,0,0,0,0,1.825954E+07,0,0,0,0,0
2020-01-02 10:25:54,3090.1,81656.000,10086250000.000,0,0,0,0,0,1.824223E+07,0,0,0,0,0,0,0,0,0,1.826192E+07,0,0,0,0,0
2020-01-02 10:25:58,3090.38,95328.000,12327060000.000,0,0,0,0,0,1.82805E+07,0,0,0,0,0,0,0,0,0,1.824479E+07,0,0,0,0,0
2020-01-02 10:26:03,3090.67,103808.000,11398020000.000,0,0,0,0,0,1.830947E+07,0,0,0,0,0,0,0,0,0,1.82598E+07,0,0,0,0,0
2020-01-02 10:26:08,3090.38,88088.000,11114910000.000,0,0,0,0,0,1.828966E+07,0,0,0,0,0,0,0,0,0,1.831711E+07,0,0,0,0,0
2020-01-02 10:26:13,3090.64,130112.000,13921940000.000,0,0,0,0,0,1.825801E+07,0,0,0,0,0,0,0,0,0,1.836154E+07,0,0,0,0,0
2020-01-02 10:26:19,3091.14,114504.000,12538870000.000,0,0,0,0,0,1.829202E+07,0,0,0,0,0,0,0,0,0,1.837869E+07,0,0,0,0,0
2020-01-02 10:26:24,3091.18,128192.000,12292460000.000,0,0,0,0,0,1.83091E+07,0,0,0,0,0,0,0,0,0,1.834625E+07,0,0,0,0,0
2020-01-02 10:26:28,3090.78,87520.000,9873392000.000,0,0,0,0,0,1.832948E+07,0,0,0,0,0,0,0,0,0,1.837728E+07,0,0,0,0,0
2020-01-02 10:26:33,3090.97,102728.000,12448690000.000,0,0,0,0,0,1.832807E+07,0,0,0,0,0,0,0,0,0,1.842622E+07,0,0,0,0,0
2020-01-02 10:26:39,3091.45,83840.000,9703522000.000,0,0,0,0,0,1.831811E+07,0,0,0,0,0,0,0,0,0,1.843977E+07,0,0,0,0,0
2020-01-02 10:26:43,3091.46,139368.000,13676580000.000,0,0,0,0,0,1.830854E+07,0,0,0,0,0,0,0,0,0,1.846306E+07,0,0,0,0,0
2020-01-02 10:26:48,3091.55,100800.000,12837720000.000,0,0,0,0,0,1.832769E+07,0,0,0,0,0,0,0,0,0,1.848316E+07,0,0,0,0,0
2020-01-02 10:26:53,3091.25,109544.000,12291410000.000,0,0,0,0,0,1.833128E+07,0,0,0,0,0,0,0,0,0,1.849146E+07,0,0,0,0,0
2020-01-02 10:26:58,3091.74,109800.000,12967740000.000,0,0,0,0,0,1.83707E+07,0,0,0,0,0,0,0,0,0,1.844382E+07,0,0,0,0,0
2020-01-02 10:27:04,3091.67,123664.000,12701400000.000,0,0,0,0,0,1.837492E+07,0,0,0,0,0,0,0,0,0,1.848138E+07,0,0,0,0,0
2020-01-02 10:27:08,3091.88,93472.000,11378100000.000,0,0,0,0,0,1.841923E+07,0,0,0,0,0,0,0,0,0,1.848482E+07,0,0,0,0,0
2020-01-02 10:27:14,3092.66,86832.000,10281290000.000,0,0,0,0,0,1.843152E+07,0,0,0,0,0,0,0,0,0,1.852062E+07,0,0,0,0,0
2020-01-02 10:27:18,3092.01,121088.000,13633590000.000,0,0,0,0,0,1.842179E+07,0,0,0,0,0,0,0,0,0,1.85211E+07,0,0,0,0,0
2020-01-02 10:27:23,3092.35,78624.000,9564062000.000,0,0,0,0,0,1.842186E+07,0,0,0,0,0,0,0,0,0,1.85773E+07,0,0,0,0,0
2020-01-02 10:27:28,3092.26,106336.000,12981370000.000,0,0,0,0,0,1.840256E+07,0,0,0,0,0,0,0,0,0,1.860173E+07,0,0,0,0,0
2020-01-02 10:27:33,3092.79,112184.000,11304700000.000,0,0,0,0,0,1.837466E+07,0,0,0,0,0,0,0,0,0,1.860347E+07,0,0,0,0,0
2020-01-02 10:27:38,3092.5,118016.000,14137950000.000,0,0,0,0,0,1.835217E+07,0,0,0,0,0,0,0,0,0,1.858078E+07,0,0,0,0,0
2020-01-02 10:27:43,3092.53,104720.000,12868120000.000,0,0,0,0,0,1.83317E+07,0,0,0,0,0,0,0,0,0,1.856305E+07,0,0,0,0,0
2020-01-02 10:27:48,3092.88,153416.000,17508070000.000,0,0,0,0,0,1.832527E+07,0,0,0,0,0,0,0,0,0,1.858821E+07,0,0,0,0,0
2020-01-02 10:27:53,3092.55,117128.000,13005490000.000,0,0,0,0,0,1.831524E+07,0,0,0,0,0,0,0,0,0,1.856552E+07,0,0,0,0,0
2020-01-02 10:27:58,3092.94,115288.000,13235130000.000,0,0,0,0,0,1.836419E+07,0,0,0,0,0,0,0,0,0,1.859054E+07,0,0,0,0,0
2020-01-02 10:28:03,3093.04,159720.000,15804140000.000,0,0,0,0,0,1.83367E+07,0,0,0,0,0,0,0,0,0,1.856306E+07,0,0,0,0,0
2020-01-02 10:28:08,3092.8,98456.000,11101270000.000,0,0,0,0,0,1.830979E+07,0,0,0,0,0,0,0,0,0,1.860038E+07,0,0,0,0,0
2020-01-02 10:28:13,3093.13,149312.000,15275660000.000,0,0,0,0,0,1.822069E+07,0,0,0,0,0,0,0,0,0,1.861895E+07,0,0,0,0,0
2020-01-02 10:28:18,3093.41,135056.000,13993250000.000,0,0,0,0,0,1.820688E+07,0,0,0,0,0,0,0,0,0,1.858357E+07,0,0,0,0,0
2020-01-02 10:28:23,3093.15,110152.000,12337550000.000,0,0,0,0,0,1.82164E+07,0,0,0,0,0,0,0,0,0,1.85689E+07,0,0,0,0,0
2020-01-02 10:28:28,3093.06,115624.000,12569280000.000,0,0,0,0,0,1.819936E+07,0,0,0,0,0,0,0,0,0,1.859609E+07,0,0,0,0,0
2020-01-02 10:28:34,3093.61,122464.000,13330550000.000,0,0,0,0,0,1.82002E+07,0,0,0,0,0,0,0,0,0,1.864748E+07,0,0,0,0,0
2020-01-02 10:28:38,3093.3,113984.000,14252240000.000,0,0,0,0,0,1.82098E+07,0,0,0,0,0,0,0,0,0,1.863034E+07,0,0,0,0,0
2020-01-02 10:28:44,3093.43,106136.000,13162770000.000,0,0,0,0,0,1.821324E+07,0,0,0,0,0,0,0,0,0,1.864246E+07,0,0,0,0,0
2020-01-02 10:28:48,3093.87,128736.000,15166600000.000,0,0,0,0,0,1.82168E+07,0,0,0,0,0,0,0,0,0,1.870594E+07,0,0,0,0,0
2020-01-02 10:28:53,3093.37,101656.000,11619270000.000,0,0,0,0,0,1.82506E+07,0,0,0,0,0,0,0,0,0,1.867188E+07,0,0,0,0,0
2020-01-02 10:28:58,3093.56,103112.000,12494830000.000,0,0,0,0,0,1.821986E+07,0,0,0,0,0,0,0,0,0,1.867956E+07,0,0,0,0,0
2020-01-02 10:29:03,3093.89,122976.000,12600740000.000,0,0,0,0,0,1.820122E+07,0,0,0,0,0,0,0,0,0,1.867265E+07,0,0,0,0,0
2020-01-02 10:29:08,3093.53,90168.000,11627660000.000,0,0,0,0,0,1.818256E+07,0,0,0,0,0,0,0,0,0,1.87058E+07,0,0,0,0,0
2020-01-02 10:29:13,3093.33,93744.000,11551110000.000,0,0,0,0,0,1.823447E+07,0,0,0,0,0,0,0,0,0,1.872278E+07,0,0,0,0,0
2020-01-02 10:29:18,3093.93,102488.000,13822330000.000,0,0,0,0,0,1.819603E+07,0,0,0,0,0,0,0,0,0,1.875977E+07,0,0,0,0,0
2020-01-02 10:29:23,3093.59,90112.000,11053040000.000,0,0,0,0,0,1.817248E+07,0,0,0,0,0,0,0,0,0,1.875591E+07,0,0,0,0,0
2020-01-02 10:29:28,3093.33,97088.000,11506020000.000,0,0,0,0,0,1.820768E+07,0,0,0,0,0,0,0,0,0,1.87949E+07,0,0,0,0,0
2020-01-02 10:29:33,3093.1,103720.000,11521750000.000,0,0,0,0,0,1.818298E+07,0,0,0,0,0,0,0,0,0,1.881593E+07,0,0,0,0,0
2020-01-02 10:29:38,3092.52,86240.000,10095690000.000,0,0,0,0,0,1.821311E+07,0,0,0,0,0,0,0,0,0,1.879576E+07,0,0,0,0,0
2020-01-02 10:29:44,3092.75,98952.000,11121200000.000,0,0,0,0,0,1.818448E+07,0,0,0,0,0,0,0,0,0,1.880316E+07,0,0,0,0,0
2020-01-02 10:29:48,3092.48,114096.000,13965980000.000,0,0,0,0,0,1.82084E+07,0,0,0,0,0,0,0,0,0,1.879286E+07,0,0,0,0,0
2020-01-02 10:29:53,3092.68,100568.000,10832840000.000,0,0,0,0,0,1.824394E+07,0,0,0,0,0,0,0,0,0,1.876084E+07,0,0,0,0,0
2020-01-02 10:29:59,3092.42,99504.000,10871640000.000,0,0,0,0,0,1.8232E+07,0,0,0,0,0,0,0,0,0,1.876707E+07,0,0,0,0,0
2020-01-02 10:30:04,3092.43,108008.000,11171530000.000,0,0,0,0,0,1.824072E+07,0,0,0,0,0,0,0,0,0,1.876529E+07,0,0,0,0,0
2020-01-02 10:30:09,3092.53,123584.000,12003050000.000,0,0,0,0,0,2.094041E+07,0,0,0,0,0,0,0,0,0,2.127848E+07,0,0,0,0,0
2020-01-02 10:30:13,3092.56,109176.000,11571040000.000,0,0,0,0,0,1.823524E+07,0,0,0,0,0,0,0,0,0,1.874407E+07,0,0,0,0,0
2020-01-02 10:30:18,3092.44,167888.000,13911460000.000,0,0,0,0,0,1.819774E+07,0,0,0,0,0,0,0,0,0,1.86644E+07,0,0,0,0,0
2020-01-02 10:30:23,3092.48,92048.000,10477370000.000,0,0,0,0,0,1.819082E+07,0,0,0,0,0,0,0,0,0,1.866447E+07,0,0,0,0,0
2020-01-02 10:30:28,3092.98,105680.000,10387190000.000,0,0,0,0,0,1.820344E+07,0,0,0,0,0,0,0,0,0,1.867007E+07,0,0,0,0,0
2020-01-02 10:30:33,3092.8,114256.000,12562990000.000,0,0,0,0,0,1.822608E+07,0,0,0,0,0,0,0,0,0,1.865676E+07,0,0,0,0,0
2020-01-02 10:30:38,3092.51,103824.000,11470370000.000,0,0,0,0,0,1.822913E+07,0,0,0,0,0,0,0,0,0,1.863992E+07,0,0,0,0,0
2020-01-02 10:30:43,3092.59,80896.000,8867807000.000,0,0,0,0,0,1.823624E+07,0,0,0,0,0,0,0,0,0,1.866772E+07,0,0,0,0,0
2020-01-02 10:30:48,3092.67,104400.000,11700010000.000,0,0,0,0,0,1.82218E+07,0,0,0,0,0,0,0,0,0,1.870088E+07,0,0,0,0,0
2020-01-02 10:30:53,3092.68,92984.000,9849274000.000,0,0,0,0,0,1.823198E+07,0,0,0,0,0,0,0,0,0,1.869225E+07,0,0,0,0,0
2020-01-02 10:30:58,3092.69,79536.000,9342812000.000,0,0,0,0,0,1.828405E+07,0,0,0,0,0,0,0,0,0,1.865506E+07,0,0,0,0,0
2020-01-02 10:31:03,3092.7,104424.000,13699650000.000,0,0,0,0,0,1.824756E+07,0,0,0,0,0,0,0,0,0,1.86959E+07,0,0,0,0,0
2020-01-02 10:31:08,3092.41,105024.000,10669260000.000,0,0,0,0,0,1.828716E+07,0,0,0,0,0,0,0,0,0,1.871492E+07,0,0,0,0,0
2020-01-02 10:31:13,3092.66,82952.000,9909043000.000,0,0,0,0,0,1.8236E+07,0,0,0,0,0,0,0,0,0,1.876903E+07,0,0,0,0,0
2020-01-02 10:31:18,3092.6,94480.000,13467910000.000,0,0,0,0,0,1.823965E+07,0,0,0,0,0,0,0,0,0,1.879836E+07,0,0,0,0,0
2020-01-02 10:31:23,3092.46,86248.000,11258560000.000,0,0,0,0,0,1.825555E+07,0,0,0,0,0,0,0,0,0,1.8773E+07,0,0,0,0,0
2020-01-02 10:31:28,3092.64,90152.000,11078210000.000,0,0,0,0,0,1.826173E+07,0,0,0,0,0,0,0,0,0,1.881803E+07,0,0,0,0,0
2020-01-02 10:31:33,3092.61,134872.000,14351860000.000,0,0,0,0,0,1.822508E+07,0,0,0,0,0,0,0,0,0,1.883629E+07,0,0,0,0,0
2020-01-02 10:31:38,3092.68,78792.000,8914993000.000,0,0,0,0,0,1.826155E+07,0,0,0,0,0,0,0,0,0,1.88614E+07,0,0,0,0,0
2020-01-02 10:31:43,3092.9,79336.000,9125757000.000,0,0,0,0,0,1.828189E+07,0,0,0,0,0,0,0,0,0,1.889601E+07,0,0,0,0,0
2020-01-02 10:31:48,3092.93,83824.000,11260660000.000,0,0,0,0,0,1.828955E+07,0,0,0,0,0,0,0,0,0,1.889889E+07,0,0,0,0,0
2020-01-02 10:31:54,3092.37,91112.000,9304015000.000,0,0,0,0,0,1.832368E+07,0,0,0,0,0,0,0,0,0,1.888961E+07,0,0,0,0,0
2020-01-02 10:31:59,3092.73,79568.000,9201254000.000,0,0,0,0,0,1.83116E+07,0,0,0,0,0,0,0,0,0,1.888401E+07,0,0,0,0,0
2020-01-02 10:32:03,3092.31,96080.000,13015970000.000,0,0,0,0,0,1.832224E+07,0,0,0,0,0,0,0,0,0,1.89071E+07,0,0,0,0,0
2020-01-02 10:32:08,3092.42,79488.000,9320792000.000,0,0,0,0,0,1.836532E+07,0,0,0,0,0,0,0,0,0,1.888644E+07,0,0,0,0,0
2020-01-02 10:32:13,3092.85,90600.000,9674162000.000,0,0,0,0,0,1.840065E+07,0,0,0,0,0,0,0,0,0,1.888434E+07,0,0,0,0,0
2020-01-02 10:32:19,3092.59,100656.000,12241080000.000,0,0,0,0,0,1.844304E+07,0,0,0,0,0,0,0,0,0,1.888381E+07,0,0,0,0,0
2020-01-02 10:32:23,3092.53,114128.000,12125730000.000,0,0,0,0,0,1.846426E+07,0,0,0,0,0,0,0,0,0,1.886848E+07,0,0,0,0,0
2020-01-02 10:32:28,3092.88,99392.000,9932112000.000,0,0,0,0,0,1.848356E+07,0,0,0,0,0,0,0,0,0,1.88383E+07,0,0,0,0,0
2020-01-02 10:32:33,3093.02,93024.000,11694770000.000,0,0,0,0,0,1.850884E+07,0,0,0,0,0,0,0,0,0,1.885912E+07,0,0,0,0,0
2020-01-02 10:32:38,3092.44,68608.000,9049211000.000,0,0,0,0,0,1.85257E+07,0,0,0,0,0,0,0,0,0,1.884937E+07,0,0,0,0,0
2020-01-02 10:32:43,3092.42,83072.000,9769583000.000,0,0,0,0,0,1.845804E+07,0,0,0,0,0,0,0,0,0,1.895895E+07,0,0,0,0,0
2020-01-02 10:32:48,3092.63,99456.000,12242120000.000,0,0,0,0,0,1.851148E+07,0,0,0,0,0,0,0,0,0,1.897143E+07,0,0,0,0,0
2020-01-02 10:32:53,3092.23,88144.000,10842280000.000,0,0,0,0,0,1.85508E+07,0,0,0,0,0,0,0,0,0,1.891265E+07,0,0,0,0,0
2020-01-02 10:32:58,3092.63,81264.000,10520360000.000,0,0,0,0,0,1.857481E+07,0,0,0,0,0,0,0,0,0,1.889682E+07,0,0,0,0,0
2020-01-02 10:33:03,3092.76,90256.000,11690570000.000,0,0,0,0,0,1.858214E+07,0,0,0,0,0,0,0,0,0,1.893552E+07,0,0,0,0,0
2020-01-02 10:33:08,3092.79,81424.000,10530850000.000,0,0,0,0,0,1.857456E+07,0,0,0,0,0,0,0,0,0,1.895236E+07,0,0,0,0,0
2020-01-02 10:33:13,3092.65,78032.000,9885975000.000,0,0,0,0,0,1.854056E+07,0,0,0,0,0,0,0,0,0,1.900145E+07,0,0,0,0,0
2020-01-02 10:33:18,3092.83,83184.000,11256460000.000,0,0,0,0,0,1.855533E+07,0,0,0,0,0,0,0,0,0,1.905583E+07,0,0,0,0,0
2020-01-02 10:33:23,3092.46,89360.000,10770970000.000,0,0,0,0,0,1.85399E+07,0,0,0,0,0,0,0,0,0,1.90774E+07,0,0,0,0,0
2020-01-02 10:33:28,3092.85,90640.000,11019490000.000,0,0,0,0,0,1.851847E+07,0,0,0,0,0,0,0,0,0,1.905888E+07,0,0,0,0,0
2020-01-02 10:33:33,3092.34,89824.000,11137970000.000,0,0,0,0,0,1.852985E+07,0,0,0,0,0,0,0,0,0,1.905265E+07,0,0,0,0,0
2020-01-02 10:33:38,3092.28,84528.000,9530507000.000,0,0,0,0,0,1.854108E+07,0,0,0,0,0,0,0,0,0,1.90137E+07,0,0,0,0,0
2020-01-02 10:33:43,3092.18,91280.000,10401870000.000,0,0,0,0,0,2.107435E+07,0,0,0,0,0,0,0,0,0,2.177349E+07,0,0,0,0,0
2020-01-02 10:33:49,3092.26,97328.000,11927550000.000,0,0,0,0,0,1.847396E+07,0,0,0,0,0,0,0,0,0,1.912286E+07,0,0,0,0,0
2020-01-02 10:33:53,3092.17,87184.000,11058280000.000,0,0,0,0,0,1.847482E+07,0,0,0,0,0,0,0,0,0,1.915301E+07,0,0,0,0,0
2020-01-02 10:33:58,3092.08,78160.000,8497660000.000,0,0,0,0,0,1.848396E+07,0,0,0,0,0,0,0,0,0,1.915233E+07,0,0,0,0,0
2020-01-02 10:34:03,3092.2,93584.000,10732180000.000,0,0,0,0,0,1.848566E+07,0,0,0,0,0,0,0,0,0,1.920183E+07,0,0,0,0,0
2020-01-02 10:34:09,3092.25,79792.000,9094300000.000,0,0,0,0,0,1.851862E+07,0,0,0,0,0,0,0,0,0,1.917172E+07,0,0,0,0,0
2020-01-02 10:34:13,3092.37,77664.000,11067720000.000,0,0,0,0,0,1.85676E+07,0,0,0,0,0,0,0,0,0,1.917692E+07,0,0,0,0,0
2020-01-02 10:34:19,3092.3,82592.000,10477370000.000,0,0,0,0,0,1.858435E+07,0,0,0,0,0,0,0,0,0,1.916391E+07,0,0,0,0,0
2020-01-02 10:34:23,3092.15,89216.000,10097790000.000,0,0,0,0,0,1.857585E+07,0,0,0,0,0,0,0,0,0,1.91659E+07,0,0,0,0,0
2020-01-02 10:34:28,3092.42,82736.000,9161409000.000,0,0,0,0,0,1.858535E+07,0,0,0,0,0,0,0,0,0,1.915845E+07,0,0,0,0,0
2020-01-02 10:34:33,3092.61,73152.000,8814330000.000,0,0,0,0,0,1.861259E+07,0,0,0,0,0,0,0,0,0,1.91629E+07,0,0,0,0,0
2020-01-02 10:34:38,3092.22,67568.000,8739881000.000,0,0,0,0,0,1.860957E+07,0,0,0,0,0,0,0,0,0,1.915514E+07,0,0,0,0,0
2020-01-02 10:34:43,3092.4,92656.000,9941549000.000,0,0,0,0,0,1.859144E+07,0,0,0,0,0,0,0,0,0,1.91665E+07,0,0,0,0,0
2020-01-02 10:34:48,3092.02,87840.000,10465840000.000,0,0,0,0,0,1.865562E+07,0,0,0,0,0,0,0,0,0,1.91495E+07,0,0,0,0,0
2020-01-02 10:34:53,3092.32,88064.000,8885633000.000,0,0,0,0,0,1.86768E+07,0,0,0,0,0,0,0,0,0,1.909038E+07,0,0,0,0,0
2020-01-02 10:34:58,3092.42,78624.000,9171894000.000,0,0,0,0,0,1.868698E+07,0,0,0,0,0,0,0,0,0,1.91128E+07,0,0,0,0,0
2020-01-02 10:35:03,3092.95,108800.000,11855200000.000,0,0,0,0,0,1.876029E+07,0,0,0,0,0,0,0,0,0,1.90622E+07,0,0,0,0,0
2020-01-02 10:35:09,3093.19,132608.000,13523480000.000,0,0,0,0,0,1.876703E+07,0,0,0,0,0,0,0,0,0,1.904986E+07,0,0,0,0,0
2020-01-02 10:35:13,3093.44,80528.000,8685355000.000,0,0,0,0,0,1.874489E+07,0,0,0,0,0,0,0,0,0,1.903885E+07,0,0,0,0,0
2020-01-02 10:35:19,3094.05,125744.000,14327740000.000,0,0,0,0,0,1.875063E+07,0,0,0,0,0,0,0,0,0,1.902074E+07,0,0,0,0,0
2020-01-02 10:35:23,3093.69,119888.000,13967030000.000,0,0,0,0,0,1.878325E+07,0,0,0,0,0,0,0,0,0,1.903137E+07,0,0,0,0,0
2020-01-02 10:35:29,3093.77,108784.000,12487490000.000,0,0,0,0,0,1.87537E+07,0,0,0,0,0,0,0,0,0,1.902443E+07,0,0,0,0,0
2020-01-02 10:35:33,3094.16,122432.000,13677630000.000,0,0,0,0,0,1.875684E+07,0,0,0,0,0,0,0,0,0,1.903067E+07,0,0,0,0,0
2020-01-02 10:35:38,3094.07,114944.000,12466520000.000,0,0,0,0,0,1.875812E+07,0,0,0,0,0,0,0,0,0,1.900102E+07,0,0,0,0,0
2020-01-02 10:35:43,3094.43,108048.000,12798920000.000,0,0,0,0,0,1.879322E+07,0,0,0,0,0,0,0,0,0,1.898073E+07,0,0,0,0,0
2020-01-02 10:35:48,3095.03,156688.000,17698910000.000,0,0,0,0,0,1.879669E+07,0,0,0,0,0,0,0,0,0,1.906259E+07,0,0,0,0,0
2020-01-02 10:35:54,3094,109040.000,13626250000.000,0,0,0,0,0,1.879875E+07,0,0,0,0,0,0,0,0,0,1.914803E+07,0,0,0,0,0
2020-01-02 10:35:58,3094.73,117648.000,14648610000.000,0,0,0,0,0,1.881516E+07,0,0,0,0,0,0,0,0,0,1.914758E+07,0,0,0,0,0
2020-01-02 10:36:03,3094.76,123712.000,15617490000.000,0,0,0,0,0,1.882944E+07,0,0,0,0,0,0,0,0,0,1.912666E+07,0,0,0,0,0
2020-01-02 10:36:09,3094.64,88496.000,10780410000.000,0,0,0,0,0,2.167772E+07,0,0,0,0,0,0,0,0,0,2.197207E+07,0,0,0,0,0
2020-01-02 10:36:14,3094.52,106640.000,11840520000.000,0,0,0,0,0,1.884281E+07,0,0,0,0,0,0,0,0,0,1.91416E+07,0,0,0,0,0
2020-01-02 10:36:18,3094.66,107072.000,14414770000.000,0,0,0,0,0,1.885756E+07,0,0,0,0,0,0,0,0,0,1.914748E+07,0,0,0,0,0
2020-01-02 10:36:23,3095,92544.000,11732520000.000,0,0,0,0,0,1.882616E+07,0,0,0,0,0,0,0,0,0,1.916136E+07,0,0,0,0,0
2020-01-02 10:36:28,3094.88,95328.000,11297360000.000,0,0,0,0,0,1.879102E+07,0,0,0,0,0,0,0,0,0,1.923139E+07,0,0,0,0,0
2020-01-02 10:36:33,3095.29,127664.000,12906920000.000,0,0,0,0,0,1.878756E+07,0,0,0,0,0,0,0,0,0,1.922175E+07,0,0,0,0,0
2020-01-02 10:36:38,3094.67,87440.000,9235857000.000,0,0,0,0,0,1.876884E+07,0,0,0,0,0,0,0,0,0,1.922601E+07,0,0,0,0,0
2020-01-02 10:36:43,3094.93,101280.000,9973006000.000,0,0,0,0,0,1.877434E+07,0,0,0,0,0,0,0,0,0,1.92228E+07,0,0,0,0,0
2020-01-02 10:36:49,3094.96,89920.000,10561260000.000,0,0,0,0,0,1.876288E+07,0,0,0,0,0,0,0,0,0,1.91963E+07,0,0,0,0,0
2020-01-02 10:36:53,3094.51,105344.000,10660870000.000,0,0,0,0,0,1.875515E+07,0,0,0,0,0,0,0,0,0,1.91828E+07,0,0,0,0,0
2020-01-02 10:36:58,3094.92,99184.000,9738125000.000,0,0,0,0,0,1.879175E+07,0,0,0,0,0,0,0,0,0,1.912451E+07,0,0,0,0,0
2020-01-02 10:37:03,3095.08,102000.000,11808010000.000,0,0,0,0,0,1.880958E+07,0,0,0,0,0,0,0,0,0,1.909971E+07,0,0,0,0,0
2020-01-02 10:37:08,3094.78,107776.000,11563700000.000,0,0,0,0,0,1.879368E+07,0,0,0,0,0,0,0,0,0,1.909471E+07,0,0,0,0,0
2020-01-02 10:37:14,3094.87,92832.000,12474910000.000,0,0,0,0,0,1.879941E+07,0,0,0,0,0,0,0,0,0,1.909995E+07,0,0,0,0,0
2020-01-02 10:37:19,3095.32,105072.000,11388580000.000,0,0,0,0,0,1.877932E+07,0,0,0,0,0,0,0,0,0,1.909443E+07,0,0,0,0,0
2020-01-02 10:37:23,3095.19,111088.000,11460940000.000,0,0,0,0,0,1.878922E+07,0,0,0,0,0,0,0,0,0,1.905137E+07,0,0,0,0,0
2020-01-02 10:37:28,3094.81,102240.000,10547630000.000,0,0,0,0,0,1.876504E+07,0,0,0,0,0,0,0,0,0,1.911403E+07,0,0,0,0,0
2020-01-02 10:37:33,3095.36,91136.000,10033820000.000,0,0,0,0,0,1.881122E+07,0,0,0,0,0,0,0,0,0,1.910338E+07,0,0,0,0,0
2020-01-02 10:37:38,3094.93,89488.000,10747900000.000,0,0,0,0,0,1.878342E+07,0,0,0,0,0,0,0,0,0,1.910904E+07,0,0,0,0,0
2020-01-02 10:37:43,3094.28,69408.000,8211399000.000,0,0,0,0,0,1.879442E+07,0,0,0,0,0,0,0,0,0,1.912685E+07,0,0,0,0,0
2020-01-02 10:37:49,3094.82,100096.000,11329860000.000,0,0,0,0,0,1.878651E+07,0,0,0,0,0,0,0,0,0,1.91443E+07,0,0,0,0,0
2020-01-02 10:37:54,3094.86,82912.000,9629073000.000,0,0,0,0,0,1.878447E+07,0,0,0,0,0,0,0,0,0,1.91385E+07,0,0,0,0,0
2020-01-02 10:37:58,3094.52,79360.000,8513389000.000,0,0,0,0,0,1.876954E+07,0,0,0,0,0,0,0,0,0,1.912302E+07,0,0,0,0,0
2020-01-02 10:38:03,3094.67,109712.000,12140410000.000,0,0,0,0,0,1.87425E+07,0,0,0,0,0,0,0,0,0,1.917695E+07,0,0,0,0,0
2020-01-02 10:38:08,3094.54,70512.000,9936306000.000,0,0,0,0,0,1.875093E+07,0,0,0,0,0,0,0,0,0,1.914035E+07,0,0,0,0,0
2020-01-02 10:38:13,3095.55,91552.000,11050940000.000,0,0,0,0,0,1.878018E+07,0,0,0,0,0,0,0,0,0,1.91591E+07,0,0,0,0,0
2020-01-02 10:38:18,3094.5,91616.000,11003760000.000,0,0,0,0,0,1.875829E+07,0,0,0,0,0,0,0,0,0,1.916203E+07,0,0,0,0,0
2020-01-02 10:38:23,3094.77,85936.000,9360638000.000,0,0,0,0,0,1.877937E+07,0,0,0,0,0,0,0,0,0,1.914684E+07,0,0,0,0,0
2020-01-02 10:38:28,3094.48,96016.000,10565450000.000,0,0,0,0,0,1.879934E+07,0,0,0,0,0,0,0,0,0,1.916798E+07,0,0,0,0,0
2020-01-02 10:38:34,3094.53,98064.000,10072620000.000,0,0,0,0,0,1.878937E+07,0,0,0,0,0,0,0,0,0,1.916268E+07,0,0,0,0,0
2020-01-02 10:38:39,3094.7,96528.000,9989784000.000,0,0,0,0,0,1.878345E+07,0,0,0,0,0,0,0,0,0,1.915712E+07,0,0,0,0,0
2020-01-02 10:38:43,3094.57,98384.000,9078571000.000,0,0,0,0,0,1.874704E+07,0,0,0,0,0,0,0,0,0,1.916211E+07,0,0,0,0,0
2020-01-02 10:38:48,3094.58,103120.000,11213470000.000,0,0,0,0,0,1.878563E+07,0,0,0,0,0,0,0,0,0,1.919405E+07,0,0,0,0,0
2020-01-02 10:38:53,3094.15,79824.000,8385462000.000,0,0,0,0,0,1.880433E+07,0,0,0,0,0,0,0,0,0,1.919179E+07,0,0,0,0,0
2020-01-02 10:38:59,3094.18,89328.000,9589228000.000,0,0,0,0,0,1.881807E+07,0,0,0,0,0,0,0,0,0,1.916195E+07,0,0,0,0,0
2020-01-02 10:39:03,3095.12,102928.000,12346980000.000,0,0,0,0,0,1.881658E+07,0,0,0,0,0,0,0,0,0,1.919444E+07,0,0,0,0,0
2020-01-02 10:39:08,3094.51,97808.000,10644090000.000,0,0,0,0,0,1.881624E+07,0,0,0,0,0,0,0,0,0,1.918168E+07,0,0,0,0,0
2020-01-02 10:39:13,3094.99,115648.000,11762930000.000,0,0,0,0,0,1.884722E+07,0,0,0,0,0,0,0,0,0,1.914486E+07,0,0,0,0,0
2020-01-02 10:39:18,3095.02,106144.000,11215570000.000,0,0,0,0,0,1.883328E+07,0,0,0,0,0,0,0,0,0,1.914231E+07,0,0,0,0,0
2020-01-02 10:39:23,3094.6,86400.000,9179234000.000,0,0,0,0,0,1.882378E+07,0,0,0,0,0,0,0,0,0,1.917111E+07,0,0,0,0,0
2020-01-02 10:39:29,3094.97,124032.000,11491340000.000,0,0,0,0,0,1.879452E+07,0,0,0,0,0,0,0,0,0,1.917331E+07,0,0,0,0,0
2020-01-02 10:39:33,3095.06,87424.000,10209980000.000,0,0,0,0,0,1.881211E+07,0,0,0,0,0,0,0,0,0,1.917273E+07,0,0,0,0,0
2020-01-02 10:39:38,3094.55,94720.000,10249830000.000,0,0,0,0,0,1.880428E+07,0,0,0,0,0,0,0,0,0,1.915182E+07,0,0,0,0,0
2020-01-02 10:39:43,3094.64,86304.000,8487174000.000,0,0,0,0,0,1.877746E+07,0,0,0,0,0,0,0,0,0,1.914068E+07,0,0,0,0,0
2020-01-02 10:39:48,3094.67,130608.000,13505660000.000,0,0,0,0,0,1.878988E+07,0,0,0,0,0,0,0,0,0,1.917488E+07,0,0,0,0,0
2020-01-02 10:39:53,3094.54,82400.000,8618246000.000,0,0,0,0,0,1.880498E+07,0,0,0,0,0,0,0,0,0,1.917898E+07,0,0,0,0,0
2020-01-02 10:39:58,3095.31,104672.000,9892266000.000,0,0,0,0,0,1.87877E+07,0,0,0,0,0,0,0,0,0,1.920544E+07,0,0,0,0,0
