Time,Price,Volume,Amount,SP1,SP2,SP3,SP4,SP5,SV1,SV2,SV3,SV4,SV5,BP1,BP2,BP3,BP4,BP5,BV1,BV2,BV3,BV4,BV5,isBuy
2020-01-02 09:15:09,5.41,0.000,0.000,5.41,0,0,0,0,500,11,0,0,0,5.41,0,0,0,0,500,0,0,0,0,1
2020-01-02 09:15:18,5.41,0.000,0.000,5.41,0,0,0,0,511,0,0,0,0,5.41,0,0,0,0,511,235,0,0,0,1
2020-01-02 09:15:45,5.41,0.000,0.000,5.41,0,0,0,0,481,0,0,0,0,5.41,0,0,0,0,481,265,0,0,0,1
2020-01-02 09:16:48,5.41,0.000,0.000,5.41,0,0,0,0,479,0,0,0,0,5.41,0,0,0,0,479,267,0,0,0,1
2020-01-02 09:16:57,5.41,0.000,0.000,5.41,0,0,0,0,379,0,0,0,0,5.41,0,0,0,0,379,367,0,0,0,1
2020-01-02 09:17:42,5.41,0.000,0.000,5.41,0,0,0,0,382,0,0,0,0,5.41,0,0,0,0,382,364,0,0,0,1
2020-01-02 09:18:27,5.41,0.000,0.000,5.41,0,0,0,0,382,0,0,0,0,5.41,0,0,0,0,382,458,0,0,0,1
2020-01-02 09:19:12,5.41,0.000,0.000,5.41,0,0,0,0,382,0,0,0,0,5.41,0,0,0,0,382,549,0,0,0,1
2020-01-02 09:19:39,5.41,0.000,0.000,5.41,0,0,0,0,382,0,0,0,0,5.41,0,0,0,0,382,567,0,0,0,1
2020-01-02 09:20:01,5.41,0.000,0.000,5.41,0,0,0,0,382,0,0,0,0,5.41,0,0,0,0,382,612,0,0,0,1
2020-01-02 09:20:37,5.41,0.000,0.000,5.41,0,0,0,0,392,0,0,0,0,5.41,0,0,0,0,392,602,0,0,0,1
2020-01-02 09:20:46,5.41,0.000,0.000,5.41,0,0,0,0,392,0,0,0,0,5.41,0,0,0,0,392,633,0,0,0,1
2020-01-02 09:22:06,5.41,0.000,0.000,5.41,0,0,0,0,397,0,0,0,0,5.41,0,0,0,0,397,628,0,0,0,1
2020-01-02 09:22:15,5.41,0.000,0.000,5.41,0,0,0,0,397,0,0,0,0,5.41,0,0,0,0,397,678,0,0,0,1
2020-01-02 09:22:24,5.41,0.000,0.000,5.41,0,0,0,0,402,0,0,0,0,5.41,0,0,0,0,402,713,0,0,0,1
2020-01-02 09:22:51,5.41,0.000,0.000,5.41,0,0,0,0,402,0,0,0,0,5.41,0,0,0,0,402,913,0,0,0,1
2020-01-02 09:23:00,5.41,0.000,0.000,5.41,0,0,0,0,402,0,0,0,0,5.41,0,0,0,0,402,1003,0,0,0,1
2020-01-02 09:23:09,5.42,0.000,0.000,5.42,0,0,0,0,405,19,0,0,0,5.42,0,0,0,0,405,0,0,0,0,1
2020-01-02 09:23:36,5.43,0.000,0.000,5.43,0,0,0,0,494,177,0,0,0,5.43,0,0,0,0,494,0,0,0,0,1
2020-01-02 09:23:45,5.43,0.000,0.000,5.43,0,0,0,0,514,157,0,0,0,5.43,0,0,0,0,514,0,0,0,0,1
2020-01-02 09:23:55,5.43,0.000,0.000,5.43,0,0,0,0,514,191,0,0,0,5.43,0,0,0,0,514,0,0,0,0,1
2020-01-02 09:24:03,5.43,0.000,0.000,5.43,0,0,0,0,540,189,0,0,0,5.43,0,0,0,0,540,0,0,0,0,1
2020-01-02 09:24:21,5.43,0.000,0.000,5.43,0,0,0,0,754,0,0,0,0,5.43,0,0,0,0,754,286,0,0,0,1
2020-01-02 09:24:31,5.43,0.000,0.000,5.43,0,0,0,0,861,0,0,0,0,5.43,0,0,0,0,861,179,0,0,0,1
2020-01-02 09:24:40,5.43,0.000,0.000,5.43,0,0,0,0,1021,0,0,0,0,5.43,0,0,0,0,1021,19,0,0,0,1
2020-01-02 09:24:49,5.43,0.000,0.000,5.43,0,0,0,0,1026,0,0,0,0,5.43,0,0,0,0,1026,114,0,0,0,1
2020-01-02 09:24:58,5.43,0.000,0.000,5.43,0,0,0,0,1028,0,0,0,0,5.43,0,0,0,0,1028,326,0,0,0,1
2020-01-02 09:25:04,5.43,1038.000,563634.000,5.44,5.45,5.46,5.47,5.48,10,266,295,370,221,5.43,5.42,5.41,5.4,5.39,316,70,1034,13,613,1
2020-01-02 09:30:03,5.44,1366.000,742095.000,5.44,5.45,5.46,5.47,5.48,1,113,285,800,794,5.41,5.4,5.39,5.38,5.37,1774,26,631,160,141,1
2020-01-02 09:30:06,5.44,86.000,46731.000,5.43,5.44,5.45,5.46,5.47,1,81,213,265,810,5.42,5.41,5.4,5.39,5.38,46,1810,31,641,160,1
2020-01-02 09:30:09,5.44,0.000,0.000,5.43,5.44,5.45,5.46,5.47,1,81,213,265,810,5.42,5.41,5.4,5.39,5.38,46,1810,31,641,160,1
2020-01-02 09:30:09,5.42,180.000,97753.000,5.44,5.45,5.46,5.47,5.48,17,220,267,812,897,5.42,5.41,5.4,5.39,5.38,15,1810,81,641,160,0
2020-01-02 09:30:12,5.43,63.000,34258.000,5.43,5.44,5.45,5.46,5.47,63,100,320,324,812,5.42,5.41,5.4,5.39,5.38,28,1770,81,641,160,1
2020-01-02 09:30:15,5.42,96.000,52108.000,5.44,5.45,5.46,5.47,5.48,267,820,324,812,859,5.42,5.41,5.4,5.39,5.38,13,1770,81,641,160,0
2020-01-02 09:30:17,5.42,0.000,0.000,5.44,5.45,5.46,5.47,5.48,267,820,324,812,859,5.42,5.41,5.4,5.39,5.38,13,1770,81,641,160,0
2020-01-02 09:30:18,5.43,114.000,61920.000,5.43,5.44,5.45,5.46,5.47,497,209,890,344,812,5.42,5.41,5.4,5.39,5.38,31,925,81,641,154,1
2020-01-02 09:30:21,5.42,64.000,34720.000,5.43,5.44,5.45,5.46,5.47,488,439,1390,344,812,5.42,5.41,5.4,5.39,5.38,6,925,81,641,154,0
2020-01-02 09:30:24,5.42,57.000,30933.000,5.43,5.44,5.45,5.46,5.47,495,469,1390,395,812,5.42,5.41,5.4,5.39,5.38,6,925,81,641,154,0
2020-01-02 09:30:27,5.42,43.000,23309.000,5.42,5.43,5.44,5.45,5.46,20,631,469,1390,338,5.41,5.4,5.39,5.38,5.37,925,81,641,154,266,0
2020-01-02 09:30:30,5.42,111.000,60162.000,5.43,5.44,5.45,5.46,5.47,631,469,1390,338,812,5.42,5.41,5.4,5.39,5.38,91,927,81,641,204,1
2020-01-02 09:30:33,5.42,110.000,59635.000,5.43,5.44,5.45,5.46,5.47,617,479,1390,338,812,5.42,5.41,5.4,5.39,5.38,17,926,181,641,204,0
2020-01-02 09:30:36,5.42,89.000,48238.000,5.42,5.43,5.44,5.45,5.46,131,1117,479,1400,338,5.41,5.4,5.39,5.38,5.37,726,181,641,204,266,0
2020-01-02 09:30:39,5.42,145.000,78590.000,5.43,5.44,5.45,5.46,5.47,1117,479,1400,338,812,5.42,5.41,5.4,5.39,5.38,5,728,181,641,204,1
2020-01-02 09:30:42,5.42,212.000,114895.000,5.43,5.44,5.45,5.46,5.47,1119,504,1400,338,812,5.42,5.41,5.4,5.39,5.38,1,719,181,641,204,0
2020-01-02 09:30:45,5.42,80.000,43360.000,5.42,5.43,5.44,5.45,5.46,171,1122,337,1400,338,5.41,5.4,5.39,5.38,5.37,754,181,641,204,1122,0
2020-01-02 09:30:48,5.41,6.000,3247.000,5.42,5.43,5.44,5.45,5.46,240,622,337,1400,338,5.41,5.4,5.39,5.38,5.37,749,181,641,204,1122,0
2020-01-02 09:30:51,5.42,159.000,86042.000,5.42,5.43,5.44,5.45,5.46,258,604,337,1400,338,5.41,5.4,5.39,5.38,5.37,615,181,641,204,1122,1
2020-01-02 09:30:54,5.42,63.000,34146.000,5.42,5.43,5.44,5.45,5.46,210,596,337,1422,338,5.41,5.4,5.39,5.38,5.37,615,181,641,204,1122,1
2020-01-02 09:30:57,5.42,477.000,258121.000,5.42,5.43,5.44,5.45,5.46,418,458,337,1422,338,5.41,5.4,5.39,5.38,5.37,215,181,641,204,1122,1
2020-01-02 09:31:00,5.42,21.000,11382.000,5.42,5.43,5.44,5.45,5.46,465,423,342,1422,338,5.41,5.4,5.39,5.38,5.37,215,181,641,204,1122,1
2020-01-02 09:31:03,5.42,51.000,27642.000,5.42,5.43,5.44,5.45,5.46,431,472,342,1422,338,5.41,5.4,5.39,5.38,5.37,215,181,641,204,1122,1
2020-01-02 09:31:06,5.42,38.000,20596.000,5.42,5.43,5.44,5.45,5.46,541,472,342,1422,338,5.41,5.4,5.39,5.38,5.37,215,181,641,204,1122,1
2020-01-02 09:31:09,5.41,247.000,133627.000,5.42,5.43,5.44,5.45,5.46,591,472,397,1422,338,5.41,5.4,5.39,5.38,5.37,3,181,641,204,1122,0
2020-01-02 09:31:12,5.41,2.000,1082.000,5.42,5.43,5.44,5.45,5.46,761,472,427,1422,338,5.4,5.39,5.38,5.37,5.36,181,641,204,1113,238,0
2020-01-02 09:31:15,5.4,1.000,540.000,5.41,5.42,5.43,5.44,5.45,17,770,482,427,1422,5.4,5.39,5.38,5.37,5.36,180,641,219,1113,238,0
2020-01-02 09:31:18,5.41,96.000,51935.000,5.41,5.42,5.43,5.44,5.45,129,768,482,423,1422,5.4,5.39,5.38,5.37,5.36,179,641,219,1113,238,1
2020-01-02 09:31:21,5.4,486.000,262751.000,5.4,5.42,5.43,5.44,5.45,425,768,482,423,1422,5.39,5.38,5.37,5.36,5.35,641,219,1113,238,85,0
2020-01-02 09:31:24,5.4,127.000,68580.000,5.4,5.41,5.42,5.43,5.44,512,50,568,482,423,5.39,5.38,5.37,5.36,5.35,641,219,1113,238,85,1
2020-01-02 09:31:27,5.4,67.000,36180.000,5.4,5.41,5.42,5.43,5.44,514,50,502,482,423,5.39,5.38,5.37,5.36,5.35,682,219,1113,238,85,1
2020-01-02 09:31:30,5.4,475.000,256500.000,5.4,5.41,5.42,5.43,5.44,177,50,477,482,423,5.39,5.38,5.37,5.36,5.35,682,219,1113,238,85,1
2020-01-02 09:31:33,5.4,212.000,114481.000,5.41,5.42,5.43,5.44,5.45,49,477,482,423,1422,5.4,5.39,5.38,5.37,5.36,199,682,229,1113,238,1
2020-01-02 09:31:36,5.4,32.000,17286.000,5.41,5.42,5.43,5.44,5.45,64,476,482,423,1422,5.4,5.39,5.38,5.37,5.36,117,682,229,1113,238,0
2020-01-02 09:31:39,5.4,146.000,78967.000,5.42,5.43,5.44,5.45,5.46,476,482,423,1422,338,5.4,5.39,5.38,5.37,5.36,197,682,229,1113,238,0
2020-01-02 09:31:42,5.41,10.000,5409.000,5.42,5.43,5.44,5.45,5.46,479,482,423,1422,338,5.41,5.4,5.39,5.38,5.37,2,130,682,229,1113,1
2020-01-02 09:31:45,5.42,18.000,9750.000,5.42,5.43,5.44,5.45,5.46,465,482,454,1422,338,5.4,5.39,5.38,5.37,5.36,128,645,229,1113,238,1
2020-01-02 09:31:48,5.41,11.000,5951.000,5.42,5.43,5.44,5.45,5.46,465,502,454,1422,338,5.4,5.39,5.38,5.37,5.36,138,645,241,1113,238,0
2020-01-02 09:31:54,5.41,1.000,541.000,5.41,5.42,5.43,5.44,5.45,511,375,502,454,1422,5.4,5.39,5.38,5.37,5.36,1180,645,311,257,238,1
2020-01-02 09:31:57,5.41,16.000,8655.000,5.41,5.42,5.43,5.44,5.45,594,366,502,454,1372,5.4,5.39,5.38,5.37,5.36,1205,631,311,257,238,1
2020-01-02 09:32:00,5.4,10.000,5400.000,5.41,5.42,5.43,5.44,5.45,604,366,502,454,1372,5.4,5.39,5.38,5.37,5.36,1200,631,311,257,238,0
2020-01-02 09:32:03,5.4,76.000,41111.000,5.41,5.42,5.43,5.44,5.45,533,366,502,454,1372,5.4,5.39,5.38,5.37,5.36,1236,631,311,257,238,0
2020-01-02 09:32:06,5.41,27.000,14607.000,5.41,5.42,5.43,5.44,5.45,518,306,502,454,1372,5.4,5.39,5.38,5.37,5.36,1236,631,311,257,238,1
2020-01-02 09:32:09,5.41,5.000,2705.000,5.41,5.42,5.43,5.44,5.45,573,306,502,454,1372,5.4,5.39,5.38,5.37,5.36,1331,631,311,257,238,1
2020-01-02 09:32:12,5.41,136.000,73576.000,5.41,5.42,5.43,5.44,5.45,437,306,502,454,1372,5.4,5.39,5.38,5.37,5.36,1331,631,377,257,242,1
2020-01-02 09:32:15,5.41,250.000,135249.000,5.41,5.42,5.43,5.44,5.45,163,241,502,454,1372,5.4,5.39,5.38,5.37,5.36,1330,631,377,257,242,1
2020-01-02 09:32:18,5.41,163.000,88183.000,5.42,5.43,5.44,5.45,5.46,241,502,454,1372,328,5.41,5.4,5.39,5.38,5.37,66,1599,631,327,257,1
2020-01-02 09:32:21,5.42,163.000,88346.000,5.42,5.43,5.44,5.45,5.46,80,502,454,1372,328,5.41,5.4,5.39,5.38,5.37,120,1599,631,327,257,1
2020-01-02 09:32:24,5.42,108.000,58458.000,5.42,5.43,5.44,5.45,5.46,62,502,454,1372,553,5.41,5.4,5.39,5.38,5.37,66,1573,631,327,257,1
2020-01-02 09:32:27,5.42,182.000,98412.000,5.42,5.43,5.44,5.45,5.46,79,502,454,1362,553,5.4,5.39,5.38,5.37,5.36,1477,631,327,257,249,1
2020-01-02 09:32:30,5.42,37.000,20054.000,5.42,5.43,5.44,5.45,5.46,50,502,454,1362,553,5.4,5.39,5.38,5.37,5.36,1505,631,327,257,249,1
2020-01-02 09:32:36,5.4,91.000,49230.000,5.41,5.42,5.43,5.44,5.45,35,187,512,454,1362,5.4,5.39,5.38,5.37,5.36,1504,631,327,267,249,0
2020-01-02 09:32:39,5.41,73.000,39523.000,5.42,5.43,5.44,5.45,5.46,176,512,457,1362,553,5.41,5.4,5.39,5.38,5.37,3,1536,631,327,267,1
2020-01-02 09:32:42,5.41,3.000,1624.000,5.42,5.43,5.44,5.45,5.46,184,511,457,1363,553,5.41,5.4,5.39,5.38,5.37,4,1723,631,327,267,0
2020-01-02 09:32:45,5.41,2.000,1082.000,5.42,5.43,5.44,5.45,5.46,184,501,457,1363,553,5.41,5.4,5.39,5.38,5.37,2,1723,631,327,267,0
2020-01-02 09:32:48,5.41,1.000,541.000,5.42,5.43,5.44,5.45,5.46,264,501,457,1363,553,5.41,5.4,5.39,5.38,5.37,1,1723,631,327,327,0
2020-01-02 09:32:51,5.41,9.000,4869.000,5.42,5.43,5.44,5.45,5.46,266,501,457,1363,553,5.41,5.4,5.39,5.38,5.37,4,1723,631,327,327,0
2020-01-02 09:32:54,5.41,27.000,14631.000,5.42,5.43,5.44,5.45,5.46,244,501,457,1373,653,5.41,5.4,5.39,5.38,5.37,1,1723,631,327,327,0
2020-01-02 09:32:57,5.42,363.000,196745.000,5.43,5.44,5.45,5.46,5.47,501,457,1373,653,560,5.41,5.4,5.39,5.38,5.37,41,1697,631,327,327,1
2020-01-02 09:33:12,5.42,6.000,3252.000,5.43,5.44,5.45,5.46,5.47,529,460,1373,653,560,5.42,5.41,5.4,5.39,5.38,254,311,1665,631,327,0
2020-01-02 09:33:15,5.42,22.000,11945.000,5.43,5.44,5.45,5.46,5.47,513,460,1373,653,560,5.42,5.41,5.4,5.39,5.38,253,321,1665,631,427,0
2020-01-02 09:33:18,5.42,90.000,48780.000,5.43,5.44,5.45,5.46,5.47,522,460,1373,653,560,5.42,5.41,5.4,5.39,5.38,164,521,1405,631,427,0
2020-01-02 09:33:21,5.43,8.000,4344.000,5.43,5.44,5.45,5.46,5.47,555,460,1373,653,560,5.42,5.41,5.4,5.39,5.38,184,521,1405,631,427,1
2020-01-02 09:33:24,5.43,168.000,91224.000,5.43,5.44,5.45,5.46,5.47,414,460,1373,553,560,5.42,5.41,5.4,5.39,5.38,230,481,1217,631,427,1
2020-01-02 09:33:30,5.43,30.000,16290.000,5.43,5.44,5.45,5.46,5.47,429,460,1373,553,560,5.42,5.41,5.4,5.39,5.38,257,497,1174,631,415,1
2020-01-02 09:33:33,5.42,301.000,163213.000,5.43,5.44,5.45,5.46,5.47,362,460,1368,553,560,5.42,5.41,5.4,5.39,5.38,70,495,1174,631,415,0
2020-01-02 09:33:36,5.43,56.000,30376.000,5.43,5.44,5.45,5.46,5.47,447,460,1346,553,560,5.42,5.41,5.4,5.39,5.38,62,495,1134,631,415,1
2020-01-02 09:33:39,5.43,3.000,1629.000,5.43,5.44,5.45,5.46,5.47,509,460,1346,553,560,5.42,5.41,5.4,5.39,5.38,125,495,1134,631,415,1
2020-01-02 09:33:45,5.42,8.000,4336.000,5.43,5.44,5.45,5.46,5.47,509,464,1346,558,560,5.42,5.41,5.4,5.39,5.38,117,495,1134,631,415,0
2020-01-02 09:33:48,5.43,163.000,88376.000,5.43,5.44,5.45,5.46,5.47,479,464,1346,333,560,5.42,5.41,5.4,5.39,5.38,394,495,1114,631,415,1
2020-01-02 09:33:51,5.42,144.000,78125.000,5.43,5.44,5.45,5.46,5.47,435,464,1346,333,560,5.42,5.41,5.4,5.39,5.38,327,495,1114,631,415,0
2020-01-02 09:33:54,5.42,21.000,11382.000,5.43,5.44,5.45,5.46,5.47,456,465,1356,333,560,5.42,5.41,5.4,5.39,5.38,474,495,1114,631,415,0
2020-01-02 09:33:57,5.42,18.000,9756.000,5.43,5.44,5.45,5.46,5.47,498,475,1356,333,560,5.42,5.41,5.4,5.39,5.38,469,495,1114,631,415,0
2020-01-02 09:34:00,5.43,9.000,4887.000,5.43,5.44,5.45,5.46,5.47,526,475,1366,333,560,5.42,5.41,5.4,5.39,5.38,469,495,1114,631,415,1
2020-01-02 09:34:06,5.42,10.000,5420.000,5.43,5.44,5.45,5.46,5.47,546,475,1436,333,560,5.42,5.41,5.4,5.39,5.38,538,495,1114,631,415,0
2020-01-02 09:34:09,5.43,810.000,439830.000,5.44,5.45,5.46,5.47,5.48,475,1436,333,560,666,5.43,5.42,5.41,5.4,5.39,203,538,495,1114,631,1
2020-01-02 09:34:12,5.43,505.000,274690.000,5.44,5.45,5.46,5.47,5.48,20,1436,333,560,666,5.43,5.42,5.41,5.4,5.39,176,553,495,1114,631,0
2020-01-02 09:34:15,5.44,68.000,36929.000,5.44,5.45,5.46,5.47,5.48,104,1436,333,560,666,5.43,5.42,5.41,5.4,5.39,115,500,495,1114,631,1
2020-01-02 09:34:21,5.44,124.000,67454.000,5.44,5.45,5.46,5.47,5.48,7,1436,333,560,756,5.43,5.42,5.41,5.4,5.39,513,351,495,1114,631,1
2020-01-02 09:34:24,5.44,18.000,9782.000,5.44,5.45,5.46,5.47,5.48,52,1436,333,560,756,5.43,5.42,5.41,5.4,5.39,503,351,495,1114,631,1
2020-01-02 09:34:27,5.44,32.000,17384.000,5.44,5.45,5.46,5.47,5.48,84,1515,333,560,796,5.43,5.42,5.41,5.4,5.39,505,338,495,1114,631,1
2020-01-02 09:34:30,5.43,100.000,54399.000,5.45,5.46,5.47,5.48,5.49,1515,333,560,796,446,5.43,5.42,5.41,5.4,5.39,504,338,495,1114,631,0
2020-01-02 09:34:33,5.44,54.000,29376.000,5.45,5.46,5.47,5.48,5.49,1648,333,560,845,446,5.44,5.43,5.42,5.41,5.4,3,484,313,480,1114,1
2020-01-02 09:34:36,5.44,18.000,9792.000,5.45,5.46,5.47,5.48,5.49,1815,333,560,845,446,5.44,5.43,5.42,5.41,5.4,4,494,313,480,266,0
2020-01-02 09:34:39,5.44,95.000,51770.000,5.44,5.45,5.46,5.47,5.48,229,1725,333,560,845,5.43,5.42,5.41,5.4,5.39,447,313,480,266,631,0
2020-01-02 09:34:45,5.44,406.000,220864.000,5.45,5.46,5.47,5.48,5.49,1725,333,560,845,446,5.44,5.43,5.42,5.41,5.4,15,517,313,479,266,1
2020-01-02 09:34:48,5.44,15.000,8160.000,5.44,5.45,5.46,5.47,5.48,117,1727,333,555,845,5.43,5.42,5.41,5.4,5.39,517,313,456,503,631,0
2020-01-02 09:34:51,5.44,15.000,8160.000,5.44,5.45,5.46,5.47,5.48,102,1727,333,555,845,5.43,5.42,5.41,5.4,5.39,517,313,456,503,631,1
2020-01-02 09:34:54,5.44,130.000,70724.000,5.45,5.46,5.47,5.48,5.49,733,333,555,845,646,5.44,5.43,5.42,5.41,5.4,99,517,313,456,503,1
2020-01-02 09:34:57,5.45,247.000,134382.000,5.45,5.46,5.47,5.48,5.49,728,333,555,845,646,5.43,5.42,5.41,5.4,5.39,644,313,456,503,631,1
2020-01-02 09:35:03,5.44,153.000,83333.000,5.45,5.46,5.47,5.48,5.49,914,333,555,845,646,5.44,5.43,5.42,5.41,5.4,482,735,313,487,503,0
2020-01-02 09:35:06,5.45,119.000,64848.000,5.45,5.46,5.47,5.48,5.49,802,343,555,845,646,5.44,5.43,5.42,5.41,5.4,493,735,313,487,503,1
2020-01-02 09:35:09,5.45,255.000,138974.000,5.45,5.46,5.47,5.48,5.49,550,323,555,845,648,5.44,5.43,5.42,5.41,5.4,503,685,313,487,503,1
2020-01-02 09:35:12,5.44,21.000,11424.000,5.45,5.46,5.47,5.48,5.49,557,1323,555,845,658,5.44,5.43,5.42,5.41,5.4,659,685,313,487,503,0
2020-01-02 09:35:15,5.45,500.000,272500.000,5.45,5.46,5.47,5.48,5.49,122,1323,555,845,658,5.44,5.43,5.42,5.41,5.4,659,685,35,487,503,1
2020-01-02 09:35:18,5.45,56.000,30520.000,5.45,5.46,5.47,5.48,5.49,67,1334,651,845,658,5.44,5.43,5.42,5.41,5.4,659,685,35,487,473,1
2020-01-02 09:35:24,5.44,56.000,30506.000,5.45,5.46,5.47,5.48,5.49,54,1334,671,845,658,5.44,5.43,5.42,5.41,5.4,650,672,35,487,463,0
2020-01-02 09:35:27,5.45,19.000,10355.000,5.45,5.46,5.47,5.48,5.49,75,1334,671,845,658,5.44,5.43,5.42,5.41,5.4,650,282,35,437,463,1
2020-01-02 09:35:33,5.45,71.000,38695.000,5.45,5.46,5.47,5.48,5.49,680,1335,671,845,658,5.44,5.43,5.42,5.41,5.4,759,256,35,437,462,1
2020-01-02 09:35:36,5.44,66.000,35928.000,5.45,5.46,5.47,5.48,5.49,700,1335,671,845,658,5.44,5.43,5.42,5.41,5.4,997,256,35,437,462,0
2020-01-02 09:35:39,5.45,24.000,13066.000,5.45,5.46,5.47,5.48,5.49,715,1335,671,1266,658,5.44,5.43,5.42,5.41,5.4,1183,256,35,437,462,1
2020-01-02 09:35:42,5.45,520.000,282900.000,5.45,5.46,5.47,5.48,5.49,715,1335,671,1266,658,5.44,5.43,5.42,5.41,5.4,683,256,35,437,462,1
2020-01-02 09:35:45,5.44,532.000,289423.000,5.45,5.46,5.47,5.48,5.49,698,1335,671,1266,658,5.44,5.43,5.42,5.41,5.4,167,256,35,440,225,0
2020-01-02 09:35:48,5.44,164.000,89216.000,5.45,5.46,5.47,5.48,5.49,787,1335,651,1266,658,5.44,5.43,5.42,5.41,5.4,151,256,16,440,225,0
2020-01-02 09:35:51,5.44,67.000,36456.000,5.45,5.46,5.47,5.48,5.49,790,1335,671,1266,663,5.44,5.43,5.42,5.41,5.4,92,256,16,440,225,0
2020-01-02 09:35:54,5.44,521.000,283424.000,5.44,5.45,5.46,5.47,5.48,78,831,1335,671,1266,5.43,5.42,5.41,5.4,5.39,256,662,440,225,631,0
2020-01-02 09:35:57,5.43,175.000,95025.000,5.44,5.45,5.46,5.47,5.48,117,831,1362,671,1266,5.43,5.42,5.41,5.4,5.39,126,662,440,225,631,0
2020-01-02 09:36:00,5.43,46.000,24978.000,5.44,5.45,5.46,5.47,5.48,235,853,1362,671,1266,5.43,5.42,5.41,5.4,5.39,81,662,440,225,631,0
2020-01-02 09:36:03,5.43,97.000,52671.000,5.43,5.44,5.45,5.46,5.47,173,235,1373,1362,671,5.42,5.41,5.4,5.39,5.38,662,440,225,631,405,0
2020-01-02 09:36:06,5.43,174.000,94462.000,5.43,5.44,5.45,5.46,5.47,103,235,1473,1362,671,5.42,5.41,5.4,5.39,5.38,642,440,225,631,405,1
2020-01-02 09:36:09,5.43,5.000,2715.000,5.43,5.44,5.45,5.46,5.47,608,315,1477,1362,671,5.42,5.41,5.4,5.39,5.38,674,440,225,631,405,1
2020-01-02 09:36:12,5.42,47.000,25501.000,5.43,5.44,5.45,5.46,5.47,587,315,1464,1362,671,5.42,5.41,5.4,5.39,5.38,659,440,225,631,405,0
2020-01-02 09:36:15,5.43,6.000,3258.000,5.43,5.44,5.45,5.46,5.47,582,395,1509,1362,701,5.42,5.41,5.4,5.39,5.38,661,440,225,631,405,1
2020-01-02 09:36:25,5.43,122.000,66246.000,5.43,5.44,5.45,5.46,5.47,581,395,1597,1362,701,5.42,5.41,5.4,5.39,5.38,674,440,225,631,405,1
2020-01-02 09:36:27,5.43,27.000,14661.000,5.43,5.44,5.45,5.46,5.47,625,406,1597,1362,761,5.42,5.41,5.4,5.39,5.38,688,440,225,631,405,1
2020-01-02 09:36:33,5.43,120.000,65140.000,5.43,5.44,5.45,5.46,5.47,634,406,1597,1362,761,5.42,5.41,5.4,5.39,5.38,672,440,225,631,405,1
2020-01-02 09:36:36,5.43,15.000,8145.000,5.43,5.44,5.45,5.46,5.47,586,401,1597,1362,761,5.42,5.41,5.4,5.39,5.38,687,440,225,631,405,1
2020-01-02 09:36:39,5.43,50.000,27150.000,5.43,5.44,5.45,5.46,5.47,536,401,1597,1362,761,5.42,5.41,5.4,5.39,5.38,687,440,225,631,405,1
2020-01-02 09:36:42,5.42,5.000,2710.000,5.43,5.44,5.45,5.46,5.47,534,401,1597,1362,761,5.42,5.41,5.4,5.39,5.38,683,540,225,631,405,0
2020-01-02 09:36:45,5.42,264.000,143350.000,5.43,5.44,5.45,5.46,5.47,272,411,1597,1362,761,5.42,5.41,5.4,5.39,5.38,681,540,225,631,405,0
2020-01-02 09:36:48,5.43,34.000,18462.000,5.43,5.44,5.45,5.46,5.47,238,411,1597,1362,761,5.42,5.41,5.4,5.39,5.38,681,540,225,631,405,1
2020-01-02 09:36:51,5.43,30.000,16290.000,5.43,5.44,5.45,5.46,5.47,527,411,1595,1362,761,5.42,5.41,5.4,5.39,5.38,681,540,225,631,405,1
2020-01-02 09:36:54,5.43,29.000,15747.000,5.43,5.44,5.45,5.46,5.47,728,411,1595,1362,761,5.42,5.41,5.4,5.39,5.38,684,540,271,631,405,1
2020-01-02 09:36:57,5.42,10.000,5420.000,5.43,5.44,5.45,5.46,5.47,799,411,1995,1362,761,5.42,5.41,5.4,5.39,5.38,686,540,271,631,405,0
2020-01-02 09:37:00,5.42,1.000,542.000,5.43,5.44,5.45,5.46,5.47,904,411,1995,1362,764,5.42,5.41,5.4,5.39,5.38,755,540,271,631,405,0
2020-01-02 09:37:03,5.42,6.000,3252.000,5.43,5.44,5.45,5.46,5.47,904,411,1975,1369,764,5.42,5.41,5.4,5.39,5.38,749,540,271,631,405,0
2020-01-02 09:37:07,5.43,33.000,17919.000,5.43,5.44,5.45,5.46,5.47,873,411,1975,1369,764,5.42,5.41,5.4,5.39,5.38,749,540,271,631,405,1
2020-01-02 09:37:12,5.43,33.000,17919.000,5.43,5.44,5.45,5.46,5.47,843,411,1996,1339,764,5.42,5.41,5.4,5.39,5.38,792,540,271,631,405,1
2020-01-02 09:37:16,5.42,11.000,5963.000,5.43,5.44,5.45,5.46,5.47,842,471,1896,1339,764,5.42,5.41,5.4,5.39,5.38,906,540,271,631,405,0
2020-01-02 09:37:19,5.43,14.000,7602.000,5.43,5.44,5.45,5.46,5.47,838,471,1896,1339,764,5.42,5.41,5.4,5.39,5.38,906,540,271,631,405,1
2020-01-02 09:37:21,5.43,96.000,52128.000,5.43,5.44,5.45,5.46,5.47,744,491,1896,1339,767,5.42,5.41,5.4,5.39,5.38,913,540,271,631,405,1
2020-01-02 09:37:24,5.42,163.000,88459.000,5.43,5.44,5.45,5.46,5.47,718,491,1896,1339,767,5.42,5.41,5.4,5.39,5.38,864,540,281,651,405,0
2020-01-02 09:37:36,5.43,24.000,13032.000,5.43,5.44,5.45,5.46,5.47,841,490,1896,1339,767,5.42,5.41,5.4,5.39,5.38,870,656,281,651,405,1
2020-01-02 09:37:39,5.43,20.000,10860.000,5.43,5.44,5.45,5.46,5.47,821,490,1927,1339,767,5.42,5.41,5.4,5.39,5.38,875,656,281,651,405,1
2020-01-02 09:37:45,5.42,255.000,138210.000,5.43,5.44,5.45,5.46,5.47,821,490,1927,339,767,5.42,5.41,5.4,5.39,5.38,618,656,281,651,405,0
2020-01-02 09:37:48,5.42,63.000,34146.000,5.43,5.44,5.45,5.46,5.47,821,490,2027,339,767,5.42,5.41,5.4,5.39,5.38,555,656,281,651,405,0
2020-01-02 09:37:54,5.43,37.000,20091.000,5.43,5.44,5.45,5.46,5.47,725,490,2027,339,767,5.42,5.41,5.4,5.39,5.38,569,656,281,651,405,1
2020-01-02 09:38:01,5.42,1.000,542.000,5.43,5.44,5.45,5.46,5.47,760,490,2007,339,767,5.42,5.41,5.4,5.39,5.38,663,656,271,651,405,0
2020-01-02 09:38:06,5.43,2.000,1086.000,5.43,5.44,5.45,5.46,5.47,821,537,2007,339,767,5.42,5.41,5.4,5.39,5.38,686,656,281,651,405,1
2020-01-02 09:38:09,5.42,5.000,2710.000,5.43,5.44,5.45,5.46,5.47,839,537,2007,339,767,5.42,5.41,5.4,5.39,5.38,681,656,281,651,405,0
2020-01-02 09:38:12,5.43,8.000,4344.000,5.43,5.44,5.45,5.46,5.47,831,537,2007,339,767,5.42,5.41,5.4,5.39,5.38,731,656,281,651,405,1
2020-01-02 09:38:15,5.43,112.000,60758.000,5.43,5.44,5.45,5.46,5.47,777,537,2033,339,767,5.42,5.41,5.4,5.39,5.38,673,656,281,651,405,1
2020-01-02 09:38:18,5.43,1.000,543.000,5.43,5.44,5.45,5.46,5.47,787,647,2053,339,767,5.42,5.41,5.4,5.39,5.38,673,656,281,651,405,1
2020-01-02 09:38:24,5.43,73.000,39639.000,5.43,5.44,5.45,5.46,5.47,751,622,2053,339,767,5.42,5.41,5.4,5.39,5.38,773,656,281,651,405,1
2020-01-02 09:38:27,5.43,6.000,3258.000,5.43,5.44,5.45,5.46,5.47,757,617,2053,339,757,5.42,5.41,5.4,5.39,5.38,773,656,281,651,405,1
2020-01-02 09:38:30,5.43,50.000,27150.000,5.43,5.44,5.45,5.46,5.47,707,617,2053,339,757,5.42,5.41,5.4,5.39,5.38,774,656,281,651,405,1
2020-01-02 09:38:33,5.43,28.000,15194.000,5.43,5.44,5.45,5.46,5.47,708,617,2053,339,757,5.42,5.41,5.4,5.39,5.38,727,656,281,651,405,1
2020-01-02 09:38:36,5.42,79.000,42836.000,5.43,5.44,5.45,5.46,5.47,690,617,2053,339,757,5.42,5.41,5.4,5.39,5.38,666,656,281,651,405,0
2020-01-02 09:38:39,5.42,1.000,542.000,5.43,5.44,5.45,5.46,5.47,690,617,2053,339,757,5.42,5.41,5.4,5.39,5.38,665,656,281,651,405,0
2020-01-02 09:38:42,5.42,10.000,5420.000,5.43,5.44,5.45,5.46,5.47,693,617,2053,339,757,5.42,5.41,5.4,5.39,5.38,760,656,281,651,405,0
2020-01-02 09:38:45,5.42,1.000,542.000,5.43,5.44,5.45,5.46,5.47,756,617,2053,339,757,5.42,5.41,5.4,5.39,5.38,760,656,281,651,405,0
2020-01-02 09:38:51,5.43,5.000,2715.000,5.43,5.44,5.45,5.46,5.47,753,670,2053,339,757,5.42,5.41,5.4,5.39,5.38,760,656,281,651,405,1
2020-01-02 09:38:54,5.43,333.000,180532.000,5.43,5.44,5.45,5.46,5.47,708,670,2053,339,757,5.42,5.41,5.4,5.39,5.38,473,656,281,651,405,1
2020-01-02 09:38:57,5.42,9.000,4878.000,5.43,5.44,5.45,5.46,5.47,715,670,2053,339,757,5.42,5.41,5.4,5.39,5.38,475,656,282,651,405,0
2020-01-02 09:39:00,5.42,5.000,2710.000,5.43,5.44,5.45,5.46,5.47,715,670,2053,339,757,5.42,5.41,5.4,5.39,5.38,470,656,282,651,405,0
2020-01-02 09:39:03,5.43,100.000,54300.000,5.43,5.44,5.45,5.46,5.47,615,670,2053,399,757,5.42,5.41,5.4,5.39,5.38,470,656,282,651,405,1
2020-01-02 09:39:06,5.43,10.000,5430.000,5.43,5.44,5.45,5.46,5.47,605,670,2053,399,757,5.42,5.41,5.4,5.39,5.38,487,656,282,651,405,1
2020-01-02 09:39:09,5.42,20.000,10840.000,5.43,5.44,5.45,5.46,5.47,649,643,2053,399,757,5.42,5.41,5.4,5.39,5.38,467,656,282,651,405,0
2020-01-02 09:39:12,5.43,10.000,5430.000,5.43,5.44,5.45,5.46,5.47,626,643,2053,399,807,5.42,5.41,5.4,5.39,5.38,467,656,282,651,405,1
2020-01-02 09:39:27,5.43,25.000,13565.000,5.43,5.44,5.45,5.46,5.47,694,683,2053,399,807,5.42,5.41,5.4,5.39,5.38,611,656,352,651,405,1
2020-01-02 09:39:33,5.43,13.000,7059.000,5.43,5.44,5.45,5.46,5.47,681,683,2053,399,807,5.42,5.41,5.4,5.39,5.38,613,656,352,651,405,1
2020-01-02 09:39:36,5.43,24.000,13032.000,5.43,5.44,5.45,5.46,5.47,657,683,2068,399,807,5.42,5.41,5.4,5.39,5.38,613,656,352,651,405,1
2020-01-02 09:39:39,5.43,15.000,8145.000,5.43,5.44,5.45,5.46,5.47,736,683,2068,399,807,5.42,5.41,5.4,5.39,5.38,613,656,352,651,405,1
2020-01-02 09:39:48,5.43,20.000,10860.000,5.43,5.44,5.45,5.46,5.47,716,701,2072,399,769,5.42,5.41,5.4,5.39,5.38,641,656,362,651,425,1
2020-01-02 09:39:51,5.43,210.000,113880.000,5.43,5.44,5.45,5.46,5.47,656,701,2072,399,769,5.42,5.41,5.4,5.39,5.38,491,656,362,651,425,1
2020-01-02 09:39:54,5.42,41.000,22222.000,5.43,5.44,5.45,5.46,5.47,658,701,2072,399,769,5.42,5.41,5.4,5.39,5.38,469,656,362,651,425,0
2020-01-02 09:39:57,5.42,83.000,45057.000,5.43,5.44,5.45,5.46,5.47,581,739,2072,399,769,5.42,5.41,5.4,5.39,5.38,457,656,362,651,425,0
2020-01-02 09:40:00,5.42,457.000,247694.000,5.42,5.43,5.44,5.45,5.46,473,581,729,2072,399,5.41,5.4,5.39,5.38,5.37,656,362,651,425,141,0
2020-01-02 09:40:06,5.41,22.000,11902.000,5.42,5.43,5.44,5.45,5.46,572,567,901,2072,399,5.41,5.4,5.39,5.38,5.37,641,362,651,425,141,0
2020-01-02 09:40:15,5.41,646.000,349486.000,5.41,5.42,5.43,5.44,5.45,281,597,561,901,2072,5.4,5.39,5.38,5.37,5.36,362,651,425,141,267,0
2020-01-02 09:40:18,5.4,20.000,10800.000,5.41,5.42,5.43,5.44,5.45,394,597,561,967,2072,5.4,5.39,5.38,5.37,5.36,385,651,425,141,267,0
2020-01-02 09:40:24,5.4,24.000,12960.000,5.41,5.42,5.43,5.44,5.45,441,589,533,997,2071,5.4,5.39,5.38,5.37,5.36,470,651,425,141,267,0
2020-01-02 09:40:27,5.4,7.000,3780.000,5.41,5.42,5.43,5.44,5.45,495,589,487,994,2071,5.4,5.39,5.38,5.37,5.36,463,651,425,141,267,0
2020-01-02 09:40:30,5.4,45.000,24305.000,5.41,5.42,5.43,5.44,5.45,561,589,431,994,2035,5.4,5.39,5.38,5.37,5.36,426,651,425,141,267,0
2020-01-02 09:40:36,5.4,298.000,160921.000,5.41,5.42,5.43,5.44,5.45,580,569,431,994,2035,5.4,5.39,5.38,5.37,5.36,258,651,425,141,252,0
2020-01-02 09:40:39,5.4,83.000,44820.000,5.41,5.42,5.43,5.44,5.45,580,569,431,994,2035,5.4,5.39,5.38,5.37,5.36,175,651,425,141,252,0
2020-01-02 09:40:42,5.4,29.000,15661.000,5.41,5.42,5.43,5.44,5.45,581,569,431,994,2033,5.4,5.39,5.38,5.37,5.36,147,651,425,141,252,0
2020-01-02 09:40:45,5.4,36.000,19440.000,5.41,5.42,5.43,5.44,5.45,582,580,431,1151,2033,5.4,5.39,5.38,5.37,5.36,111,651,425,141,252,0
2020-01-02 09:40:48,5.4,12.000,6480.000,5.41,5.42,5.43,5.44,5.45,587,575,431,1151,2033,5.4,5.39,5.38,5.37,5.36,99,651,575,141,252,0
2020-01-02 09:40:54,5.4,112.000,60480.000,5.41,5.42,5.43,5.44,5.45,588,575,405,1151,2033,5.4,5.39,5.38,5.37,5.36,92,631,425,159,252,0
2020-01-02 09:40:57,5.4,127.000,68580.000,5.4,5.41,5.42,5.43,5.44,193,591,575,405,1151,5.39,5.38,5.37,5.36,5.35,631,425,225,252,165,0
2020-01-02 09:41:00,5.4,1.000,540.000,5.4,5.41,5.42,5.43,5.44,334,501,575,402,1151,5.39,5.38,5.37,5.36,5.35,631,425,225,252,165,1
2020-01-02 09:41:07,5.4,21.000,11340.000,5.4,5.41,5.42,5.43,5.44,351,420,514,383,1081,5.39,5.38,5.37,5.36,5.35,645,425,255,252,165,1
2020-01-02 09:41:12,5.4,150.000,81000.000,5.4,5.41,5.42,5.43,5.44,204,420,514,384,1081,5.39,5.38,5.37,5.36,5.35,670,425,255,152,165,1
2020-01-02 09:41:15,5.39,1017.000,548393.000,5.39,5.41,5.42,5.43,5.44,281,407,514,404,1081,5.38,5.37,5.36,5.35,5.34,425,255,152,165,7,0
2020-01-02 09:41:18,5.39,201.000,108339.000,5.39,5.41,5.42,5.43,5.44,81,406,514,404,1081,5.38,5.37,5.36,5.35,5.34,542,255,152,165,7,1
2020-01-02 09:41:21,5.41,165.000,89037.000,5.41,5.42,5.43,5.44,5.45,362,514,404,1081,1722,5.4,5.39,5.38,5.37,5.36,198,95,542,255,152,1
2020-01-02 09:41:36,5.4,200.000,108000.000,5.41,5.42,5.43,5.44,5.45,391,514,444,1081,1815,5.4,5.39,5.38,5.37,5.36,30,337,481,255,147,0
2020-01-02 09:41:39,5.41,53.000,28673.000,5.41,5.42,5.43,5.44,5.45,338,514,444,1131,1811,5.4,5.39,5.38,5.37,5.36,30,361,481,255,147,1
2020-01-02 09:41:43,5.4,10.000,5400.000,5.41,5.42,5.43,5.44,5.45,338,514,444,1131,1811,5.4,5.39,5.38,5.37,5.36,20,361,481,255,147,0
2020-01-02 09:41:45,5.4,14.000,7560.000,5.41,5.42,5.43,5.44,5.45,382,496,459,1131,1811,5.4,5.39,5.38,5.37,5.36,81,361,501,255,147,0
2020-01-02 09:41:48,5.4,10.000,5400.000,5.41,5.42,5.43,5.44,5.45,382,496,459,1131,1811,5.4,5.39,5.38,5.37,5.36,71,361,501,255,147,0
2020-01-02 09:41:51,5.4,4.000,2160.000,5.41,5.42,5.43,5.44,5.45,383,496,459,1131,1811,5.4,5.39,5.38,5.37,5.36,7,361,501,255,147,0
2020-01-02 09:41:54,5.4,5.000,2700.000,5.41,5.42,5.43,5.44,5.45,385,496,455,1131,1811,5.4,5.39,5.38,5.37,5.36,19,411,501,255,147,0
2020-01-02 09:41:57,5.4,45.000,24300.000,5.41,5.42,5.43,5.44,5.45,408,496,455,1131,1811,5.4,5.39,5.38,5.37,5.36,13,411,501,255,147,0
2020-01-02 09:42:00,5.4,2.000,1080.000,5.41,5.42,5.43,5.44,5.45,415,496,548,1131,1811,5.4,5.39,5.38,5.37,5.36,194,411,501,255,147,0
2020-01-02 09:42:18,5.4,172.000,92880.000,5.41,5.42,5.43,5.44,5.45,391,496,548,1161,1811,5.4,5.39,5.38,5.37,5.36,52,431,688,455,387,0
2020-01-02 09:42:24,5.4,3.000,1620.000,5.41,5.42,5.43,5.44,5.45,418,496,548,1161,1811,5.4,5.39,5.38,5.37,5.36,85,431,688,455,387,0
2020-01-02 09:42:27,5.4,1.000,540.000,5.41,5.42,5.43,5.44,5.45,421,496,558,1161,1811,5.4,5.39,5.38,5.37,5.36,84,431,688,455,387,0
2020-01-02 09:42:33,5.4,91.000,49140.000,5.4,5.41,5.42,5.43,5.44,409,444,496,558,1161,5.39,5.38,5.37,5.36,5.35,431,688,455,387,123,0
2020-01-02 09:42:39,5.4,3.000,1620.000,5.4,5.41,5.42,5.43,5.44,407,443,496,558,1161,5.39,5.38,5.37,5.36,5.35,546,696,455,387,123,1
2020-01-02 09:42:48,5.39,75.000,40425.000,5.4,5.41,5.42,5.43,5.44,475,438,496,561,1161,5.39,5.38,5.37,5.36,5.35,481,696,455,387,123,0
2020-01-02 09:42:51,5.39,21.000,11319.000,5.4,5.41,5.42,5.43,5.44,481,438,496,560,1161,5.39,5.38,5.37,5.36,5.35,360,818,455,387,123,0
2020-01-02 09:42:54,5.39,23.000,12397.000,5.4,5.41,5.42,5.43,5.44,552,425,496,555,1161,5.39,5.38,5.37,5.36,5.35,423,818,455,387,123,0
2020-01-02 09:42:57,5.4,10.000,5395.000,5.4,5.41,5.42,5.43,5.44,617,369,496,550,1161,5.39,5.38,5.37,5.36,5.35,398,818,455,387,123,1
2020-01-02 09:43:00,5.39,2.000,1078.000,5.4,5.41,5.42,5.43,5.44,664,334,496,550,1161,5.39,5.38,5.37,5.36,5.35,396,818,455,387,123,0
2020-01-02 09:43:03,5.39,3.000,1617.000,5.4,5.41,5.42,5.43,5.44,677,325,496,550,1161,5.39,5.38,5.37,5.36,5.35,393,818,455,387,123,0
2020-01-02 09:43:09,5.39,30.000,16170.000,5.4,5.41,5.42,5.43,5.44,614,375,496,550,1161,5.39,5.38,5.37,5.36,5.35,378,818,455,387,123,0
2020-01-02 09:43:12,5.39,65.000,35035.000,5.4,5.41,5.42,5.43,5.44,614,375,496,550,1161,5.39,5.38,5.37,5.36,5.35,373,818,455,387,123,0
2020-01-02 09:43:15,5.39,50.000,26950.000,5.4,5.41,5.42,5.43,5.44,619,375,496,550,1161,5.39,5.38,5.37,5.36,5.35,324,818,455,387,123,0
2020-01-02 09:43:21,5.39,30.000,16170.000,5.4,5.41,5.42,5.43,5.44,627,374,496,550,1161,5.39,5.38,5.37,5.36,5.35,294,818,455,387,143,0
2020-01-02 09:43:24,5.39,23.000,12397.000,5.4,5.41,5.42,5.43,5.44,628,357,496,550,1161,5.39,5.38,5.37,5.36,5.35,292,830,455,601,143,0
2020-01-02 09:43:27,5.39,7.000,3773.000,5.4,5.41,5.42,5.43,5.44,631,352,516,550,1161,5.39,5.38,5.37,5.36,5.35,285,840,481,601,143,0
2020-01-02 09:43:33,5.39,5.000,2695.000,5.4,5.41,5.42,5.43,5.44,631,352,516,487,1161,5.39,5.38,5.37,5.36,5.35,348,840,481,601,143,0
2020-01-02 09:43:36,5.39,14.000,7546.000,5.4,5.41,5.42,5.43,5.44,631,352,516,487,1161,5.39,5.38,5.37,5.36,5.35,366,840,486,601,143,0
2020-01-02 09:43:39,5.39,100.000,53900.000,5.4,5.41,5.42,5.43,5.44,631,352,516,424,1161,5.39,5.38,5.37,5.36,5.35,268,840,486,601,143,0
2020-01-02 09:43:45,5.39,63.000,33957.000,5.4,5.41,5.42,5.43,5.44,631,352,516,424,1929,5.39,5.38,5.37,5.36,5.35,205,900,486,581,143,0
2020-01-02 09:43:48,5.39,24.000,12936.000,5.4,5.41,5.42,5.43,5.44,644,350,516,424,1929,5.39,5.38,5.37,5.36,5.35,181,900,486,581,143,0
2020-01-02 09:43:54,5.39,247.000,133183.000,5.39,5.4,5.41,5.42,5.43,4,638,333,516,420,5.38,5.37,5.36,5.35,5.34,900,493,581,143,27,0
2020-01-02 09:43:57,5.38,6.000,3228.000,5.39,5.4,5.41,5.42,5.43,27,592,333,516,420,5.38,5.37,5.36,5.35,5.34,894,493,581,143,27,0
2020-01-02 09:44:03,5.39,60.000,32340.000,5.39,5.4,5.41,5.42,5.43,65,446,333,516,420,5.38,5.37,5.36,5.35,5.34,926,493,581,143,47,1
2020-01-02 09:44:06,5.4,71.000,38275.000,5.39,5.4,5.41,5.42,5.43,60,440,333,516,420,5.38,5.37,5.36,5.35,5.34,926,493,581,143,67,1
2020-01-02 09:44:09,5.38,21.000,11298.000,5.39,5.4,5.41,5.42,5.43,60,440,333,516,420,5.38,5.37,5.36,5.35,5.34,915,493,581,143,67,0
2020-01-02 09:44:12,5.39,2.000,1078.000,5.39,5.4,5.41,5.42,5.43,59,439,333,516,420,5.38,5.37,5.36,5.35,5.34,915,493,581,143,67,1
2020-01-02 09:44:16,5.39,61.000,32879.000,5.4,5.41,5.42,5.43,5.44,439,333,516,420,1891,5.39,5.38,5.37,5.36,5.35,139,920,590,581,143,1
2020-01-02 09:44:25,5.39,152.000,82050.000,5.4,5.41,5.42,5.43,5.44,318,315,516,420,1891,5.39,5.38,5.37,5.36,5.35,127,937,590,382,143,0
2020-01-02 09:44:30,5.39,20.000,10780.000,5.4,5.41,5.42,5.43,5.44,319,315,516,420,1891,5.39,5.38,5.37,5.36,5.35,107,937,590,382,163,0
2020-01-02 09:44:36,5.4,30.000,16200.000,5.4,5.41,5.42,5.43,5.44,289,315,516,420,1900,5.39,5.38,5.37,5.36,5.35,123,935,590,382,163,1
2020-01-02 09:44:39,5.39,18.000,9702.000,5.4,5.41,5.42,5.43,5.44,289,315,516,420,1900,5.39,5.38,5.37,5.36,5.35,105,935,590,382,163,0
2020-01-02 09:44:42,5.39,2.000,1078.000,5.4,5.41,5.42,5.43,5.44,289,315,516,420,1900,5.39,5.38,5.37,5.36,5.35,103,987,590,382,163,0
2020-01-02 09:44:45,5.39,3.000,1617.000,5.4,5.41,5.42,5.43,5.44,289,315,516,420,1900,5.39,5.38,5.37,5.36,5.35,108,987,590,382,163,0
2020-01-02 09:45:00,5.39,2.000,1078.000,5.4,5.41,5.42,5.43,5.44,300,353,516,420,1940,5.39,5.38,5.37,5.36,5.35,235,1244,599,382,163,0
2020-01-02 09:45:06,5.4,152.000,81958.000,5.4,5.41,5.42,5.43,5.44,271,353,516,420,1940,5.39,5.38,5.37,5.36,5.35,411,1244,599,382,163,1
2020-01-02 09:45:12,5.4,250.000,135000.000,5.4,5.41,5.42,5.43,5.44,36,356,516,420,1940,5.39,5.38,5.37,5.36,5.35,465,1288,599,382,163,1
2020-01-02 09:45:24,5.4,12.000,6480.000,5.4,5.41,5.42,5.43,5.44,123,356,516,420,1940,5.39,5.38,5.37,5.36,5.35,489,1286,599,382,163,1
2020-01-02 09:45:27,5.39,10.000,5390.000,5.4,5.41,5.42,5.43,5.44,126,356,516,420,1940,5.39,5.38,5.37,5.36,5.35,479,1286,599,382,163,0
2020-01-02 09:45:30,5.4,40.000,21600.000,5.4,5.41,5.42,5.43,5.44,86,356,516,420,1940,5.39,5.38,5.37,5.36,5.35,479,1242,599,382,255,1
2020-01-02 09:45:39,5.39,1.000,539.000,5.4,5.41,5.42,5.43,5.44,86,353,516,420,1940,5.39,5.38,5.37,5.36,5.35,501,1242,617,382,255,0
2020-01-02 09:45:54,5.39,63.000,33957.000,5.4,5.41,5.42,5.43,5.44,23,413,516,420,1940,5.39,5.38,5.37,5.36,5.35,458,1255,617,382,255,0
2020-01-02 09:46:00,5.4,25.000,13500.000,5.41,5.42,5.43,5.44,5.45,413,516,420,1940,1723,5.4,5.39,5.38,5.37,5.36,30,458,1255,617,382,1
2020-01-02 09:46:03,5.4,42.000,22680.000,5.4,5.41,5.42,5.43,5.44,16,413,516,420,1940,5.39,5.38,5.37,5.36,5.35,458,1255,617,382,255,0
2020-01-02 09:46:06,5.4,16.000,8640.000,5.41,5.42,5.43,5.44,5.45,413,516,420,1890,1723,5.4,5.39,5.38,5.37,5.36,11,493,1255,617,382,1
2020-01-02 09:46:09,5.39,18.000,9713.000,5.41,5.42,5.43,5.44,5.45,413,516,420,1890,1723,5.39,5.38,5.37,5.36,5.35,486,1255,617,382,255,0
2020-01-02 09:46:18,5.4,78.000,42120.000,5.41,5.42,5.43,5.44,5.45,414,516,420,1890,1723,5.4,5.39,5.38,5.37,5.36,93,502,1255,617,382,1
2020-01-02 09:46:21,5.4,28.000,15120.000,5.41,5.42,5.43,5.44,5.45,414,516,420,1890,1723,5.4,5.39,5.38,5.37,5.36,65,505,1255,617,382,0
2020-01-02 09:46:24,5.4,57.000,30780.000,5.41,5.42,5.43,5.44,5.45,414,516,420,1890,1723,5.4,5.39,5.38,5.37,5.36,27,525,1255,617,382,0
2020-01-02 09:46:27,5.4,12.000,6480.000,5.41,5.42,5.43,5.44,5.45,418,516,420,1890,1723,5.4,5.39,5.38,5.37,5.36,15,525,1255,617,382,0
2020-01-02 09:46:30,5.4,15.000,8100.000,5.4,5.41,5.42,5.43,5.44,22,433,516,420,1890,5.39,5.38,5.37,5.36,5.35,525,1255,617,382,255,0
2020-01-02 09:46:39,5.4,10.000,5400.000,5.4,5.41,5.42,5.43,5.44,16,418,526,420,1890,5.39,5.38,5.37,5.36,5.35,533,1255,617,382,255,1
2020-01-02 09:46:42,5.39,2.000,1078.000,5.4,5.41,5.42,5.43,5.44,69,418,526,420,1890,5.39,5.38,5.37,5.36,5.35,533,1255,617,382,255,0
2020-01-02 09:46:45,5.39,3.000,1617.000,5.4,5.41,5.42,5.43,5.44,69,418,526,420,1900,5.39,5.38,5.37,5.36,5.35,530,1255,617,382,255,0
2020-01-02 09:46:48,5.4,10.000,5400.000,5.4,5.41,5.42,5.43,5.44,61,418,526,425,1900,5.39,5.38,5.37,5.36,5.35,530,1255,617,382,255,1
2020-01-02 09:46:51,5.4,56.000,30240.000,5.4,5.41,5.42,5.43,5.44,70,418,526,425,1900,5.39,5.38,5.37,5.36,5.35,532,1255,617,382,255,1
2020-01-02 09:47:03,5.4,9.000,4860.000,5.4,5.41,5.42,5.43,5.44,90,518,726,425,3400,5.39,5.38,5.37,5.36,5.35,548,1255,617,382,305,1
2020-01-02 09:47:06,5.4,56.000,30240.000,5.4,5.41,5.42,5.43,5.44,34,518,726,425,3400,5.39,5.38,5.37,5.36,5.35,558,1255,617,382,305,1
2020-01-02 09:47:18,5.4,41.000,21924.000,5.41,5.42,5.43,5.44,5.45,518,726,425,3400,1723,5.4,5.39,5.38,5.37,5.36,403,555,1255,617,382,1
2020-01-02 09:47:21,5.4,1.000,540.000,5.41,5.42,5.43,5.44,5.45,518,726,425,3400,1723,5.4,5.39,5.38,5.37,5.36,424,555,1255,617,382,0
2020-01-02 09:47:24,5.4,50.000,27000.000,5.41,5.42,5.43,5.44,5.45,520,716,425,3400,1723,5.4,5.39,5.38,5.37,5.36,451,555,1255,617,382,0
2020-01-02 09:47:33,5.41,24.000,12984.000,5.41,5.42,5.43,5.44,5.45,496,716,425,3400,1723,5.4,5.39,5.38,5.37,5.36,485,478,1255,599,382,1
2020-01-02 09:47:36,5.41,7.000,3787.000,5.41,5.42,5.43,5.44,5.45,489,716,425,3400,1723,5.4,5.39,5.38,5.37,5.36,508,478,1255,599,363,1
2020-01-02 09:47:48,5.41,51.000,27591.000,5.41,5.42,5.43,5.44,5.45,451,716,425,3400,1723,5.4,5.39,5.38,5.37,5.36,503,416,1255,599,123,1
2020-01-02 09:47:57,5.41,4.000,2164.000,5.41,5.42,5.43,5.44,5.45,451,716,425,1900,1723,5.4,5.39,5.38,5.37,5.36,520,416,1265,594,123,1
2020-01-02 09:48:00,5.4,31.000,16741.000,5.41,5.42,5.43,5.44,5.45,457,716,425,1900,1723,5.4,5.39,5.38,5.37,5.36,490,415,1265,594,123,0
2020-01-02 09:48:15,5.41,50.000,27050.000,5.41,5.42,5.43,5.44,5.45,463,721,425,2000,1723,5.4,5.39,5.38,5.37,5.36,590,132,1265,594,123,1
2020-01-02 09:48:18,5.41,100.000,54100.000,5.41,5.42,5.43,5.44,5.45,365,721,425,2000,1723,5.4,5.39,5.38,5.37,5.36,590,132,1270,594,123,1
2020-01-02 09:48:21,5.41,4.000,2161.000,5.41,5.42,5.43,5.44,5.45,365,921,425,2000,1723,5.4,5.39,5.38,5.37,5.36,587,281,1270,594,123,1
2020-01-02 09:48:24,5.4,5.000,2700.000,5.41,5.42,5.43,5.44,5.45,393,921,425,2000,1723,5.4,5.39,5.38,5.37,5.36,598,281,1270,594,135,0
2020-01-02 09:48:33,5.41,46.000,24886.000,5.41,5.42,5.43,5.44,5.45,349,921,445,2000,1723,5.4,5.39,5.38,5.37,5.36,552,281,1275,594,135,1
2020-01-02 09:48:45,5.41,8.000,4328.000,5.41,5.42,5.43,5.44,5.45,341,921,445,2000,1778,5.4,5.39,5.38,5.37,5.36,554,372,1275,594,135,1
2020-01-02 09:48:48,5.41,48.000,25953.000,5.41,5.42,5.43,5.44,5.45,313,921,445,2000,1778,5.4,5.39,5.38,5.37,5.36,506,372,1275,594,135,1
2020-01-02 09:48:52,5.4,16.000,8655.000,5.41,5.42,5.43,5.44,5.45,300,921,445,2000,1778,5.4,5.39,5.38,5.37,5.36,505,372,1275,594,135,0
2020-01-02 09:48:57,5.4,33.000,17821.000,5.41,5.42,5.43,5.44,5.45,304,921,445,2000,1778,5.4,5.39,5.38,5.37,5.36,463,372,1275,594,135,0
2020-01-02 09:49:00,5.4,30.000,16200.000,5.41,5.42,5.43,5.44,5.45,304,921,445,2000,1778,5.4,5.39,5.38,5.37,5.36,442,372,1275,594,135,0
2020-01-02 09:49:09,5.41,11.000,5951.000,5.41,5.42,5.43,5.44,5.45,293,921,445,2000,1778,5.4,5.39,5.38,5.37,5.36,482,452,1275,594,135,1
2020-01-02 09:49:12,5.41,15.000,8115.000,5.41,5.42,5.43,5.44,5.45,278,941,445,2000,1778,5.4,5.39,5.38,5.37,5.36,482,452,1275,594,135,1
2020-01-02 09:49:27,5.41,11.000,5951.000,5.41,5.42,5.43,5.44,5.45,275,941,711,1237,1838,5.4,5.39,5.38,5.37,5.36,432,454,1275,594,135,1
2020-01-02 09:49:30,5.41,44.000,23804.000,5.41,5.42,5.43,5.44,5.45,231,941,711,1237,1838,5.4,5.39,5.38,5.37,5.36,432,454,1275,594,135,1
2020-01-02 09:49:36,5.4,100.000,54000.000,5.41,5.42,5.43,5.44,5.45,297,941,711,1237,1838,5.4,5.39,5.38,5.37,5.36,359,454,1275,594,135,0
2020-01-02 09:49:48,5.41,11.000,5951.000,5.41,5.42,5.43,5.44,5.45,286,941,711,1237,1838,5.4,5.39,5.38,5.37,5.36,359,454,1275,594,135,1
2020-01-02 09:49:57,5.41,1.000,541.000,5.41,5.42,5.43,5.44,5.45,290,941,711,1237,1838,5.4,5.39,5.38,5.37,5.36,461,472,1275,594,135,1
2020-01-02 09:50:06,5.41,153.000,82773.000,5.41,5.42,5.43,5.44,5.45,139,941,711,1237,1838,5.4,5.39,5.38,5.37,5.36,462,472,1275,528,135,1
2020-01-02 09:50:24,5.4,2.000,1080.000,5.41,5.42,5.43,5.44,5.45,153,934,719,1237,1838,5.4,5.39,5.38,5.37,5.36,461,472,1275,528,135,0
2020-01-02 09:50:33,5.4,70.000,37800.000,5.41,5.42,5.43,5.44,5.45,158,461,719,1337,1838,5.4,5.39,5.38,5.37,5.36,392,472,1275,528,135,0
2020-01-02 09:50:39,5.4,237.000,127980.000,5.41,5.42,5.43,5.44,5.45,163,461,719,1337,1745,5.4,5.39,5.38,5.37,5.36,155,472,1275,528,135,0
2020-01-02 09:50:57,5.4,1.000,540.000,5.41,5.42,5.43,5.44,5.45,163,511,719,1337,1745,5.4,5.39,5.38,5.37,5.36,291,472,1275,528,135,0
2020-01-02 09:51:09,5.4,331.000,178956.000,5.4,5.41,5.42,5.43,5.44,574,169,511,719,1337,5.39,5.38,5.37,5.36,5.35,482,1275,528,135,175,0
2020-01-02 09:51:27,5.4,59.000,31807.000,5.4,5.41,5.42,5.43,5.44,701,162,511,717,1337,5.39,5.38,5.37,5.36,5.35,583,1275,528,135,175,1
2020-01-02 09:51:42,5.39,29.000,15631.000,5.4,5.41,5.42,5.43,5.44,734,481,511,717,1337,5.39,5.38,5.37,5.36,5.35,555,1275,528,635,175,0
2020-01-02 09:51:51,5.39,50.000,26950.000,5.4,5.41,5.42,5.43,5.44,736,481,511,717,1337,5.39,5.38,5.37,5.36,5.35,506,1275,578,635,175,0
2020-01-02 09:51:54,5.4,74.000,39960.000,5.4,5.41,5.42,5.43,5.44,712,481,511,717,1337,5.39,5.38,5.37,5.36,5.35,506,1275,578,635,175,1
2020-01-02 09:51:57,5.4,13.000,7020.000,5.4,5.41,5.42,5.43,5.44,702,481,511,717,1337,5.39,5.38,5.37,5.36,5.35,506,1275,578,635,175,1
2020-01-02 09:52:03,5.39,6.000,3234.000,5.4,5.41,5.42,5.43,5.44,703,481,511,717,1337,5.39,5.38,5.37,5.36,5.35,500,1275,481,635,175,0
2020-01-02 09:52:12,5.39,63.000,33957.000,5.4,5.41,5.42,5.43,5.44,640,481,511,717,1337,5.39,5.38,5.37,5.36,5.35,437,1275,481,635,175,0
2020-01-02 09:52:15,5.39,753.000,406367.000,5.4,5.41,5.42,5.43,5.44,140,481,511,717,1337,5.39,5.38,5.37,5.36,5.35,184,1275,481,635,175,0
2020-01-02 09:52:18,5.4,12.000,6480.000,5.4,5.41,5.42,5.43,5.44,128,481,511,717,1337,5.39,5.38,5.37,5.36,5.35,184,1275,481,635,175,1
2020-01-02 09:52:27,5.4,102.000,55016.000,5.4,5.41,5.42,5.43,5.44,95,481,511,737,1337,5.39,5.38,5.37,5.36,5.35,129,1292,481,635,175,1
2020-01-02 09:52:30,5.4,28.000,15120.000,5.4,5.41,5.42,5.43,5.44,67,481,511,737,1337,5.39,5.38,5.37,5.36,5.35,185,1292,491,635,175,1
2020-01-02 09:52:42,5.4,20.000,10800.000,5.4,5.41,5.42,5.43,5.44,53,531,511,737,1337,5.39,5.38,5.37,5.36,5.35,182,1292,491,635,175,1
2020-01-02 09:52:46,5.4,1.000,540.000,5.4,5.41,5.42,5.43,5.44,52,531,511,737,1337,5.39,5.38,5.37,5.36,5.35,188,1292,491,635,175,1
2020-01-02 09:52:54,5.4,74.000,39727.000,5.41,5.42,5.43,5.44,5.45,531,511,737,1337,1835,5.4,5.39,5.38,5.37,5.36,12,208,1292,491,635,1
2020-01-02 09:52:57,5.4,12.000,6696.000,5.4,5.41,5.42,5.43,5.44,17,638,511,737,1337,5.39,5.38,5.37,5.36,5.35,217,1292,491,635,175,0
2020-01-02 09:53:00,5.4,43.000,23004.000,5.41,5.42,5.43,5.44,5.45,638,511,737,1337,1835,5.4,5.39,5.38,5.37,5.36,463,237,1292,491,635,1
2020-01-02 09:53:03,5.4,98.000,52920.000,5.41,5.42,5.43,5.44,5.45,638,511,737,1337,1835,5.4,5.39,5.38,5.37,5.36,365,237,1292,491,635,0
2020-01-02 09:53:07,5.4,2.000,1080.000,5.41,5.42,5.43,5.44,5.45,638,511,737,1337,1835,5.4,5.39,5.38,5.37,5.36,363,257,1292,491,635,0
2020-01-02 09:53:21,5.4,24.000,12960.000,5.41,5.42,5.43,5.44,5.45,639,511,737,1337,1835,5.4,5.39,5.38,5.37,5.36,54,275,1292,491,635,0
2020-01-02 09:53:24,5.4,10.000,5400.000,5.41,5.42,5.43,5.44,5.45,634,511,737,1337,1835,5.4,5.39,5.38,5.37,5.36,56,295,1292,491,635,0
2020-01-02 09:53:33,5.4,684.000,369960.000,5.4,5.41,5.42,5.43,5.44,2,34,511,737,1337,5.39,5.38,5.37,5.36,5.35,273,1292,491,635,204,0
2020-01-02 09:53:36,5.41,9.000,4867.000,5.41,5.42,5.43,5.44,5.45,29,511,737,1287,1835,5.4,5.39,5.38,5.37,5.36,39,273,1292,491,635,1
2020-01-02 09:53:39,5.41,24.000,12984.000,5.41,5.42,5.43,5.44,5.45,5,511,694,1287,1835,5.4,5.39,5.38,5.37,5.36,39,273,1292,491,635,1
2020-01-02 09:53:45,5.41,5.000,2705.000,5.41,5.42,5.43,5.44,5.45,0,511,694,1287,1835,5.4,5.39,5.38,5.37,5.36,39,273,1292,491,635,1
2020-01-02 09:53:48,5.39,80.000,43159.000,5.41,5.42,5.43,5.44,5.45,0,511,694,1287,1889,5.39,5.38,5.37,5.36,5.35,232,1292,491,635,204,0
2020-01-02 09:53:51,5.41,5.000,2705.000,5.41,5.42,5.43,5.44,5.45,25,511,694,1287,1889,5.4,5.39,5.38,5.37,5.36,19,236,1292,491,635,1
2020-01-02 09:53:57,5.41,138.000,74690.000,5.42,5.43,5.44,5.45,5.46,511,694,1287,1889,704,5.41,5.4,5.39,5.38,5.37,188,51,266,1292,491,1
2020-01-02 09:54:03,5.41,10.000,5414.000,5.42,5.43,5.44,5.45,5.46,568,694,1287,1889,704,5.41,5.4,5.39,5.38,5.37,265,33,335,1292,491,0
2020-01-02 09:54:06,5.42,27.000,14634.000,5.42,5.43,5.44,5.45,5.46,541,694,1287,1889,704,5.41,5.4,5.39,5.38,5.37,271,33,335,1292,491,1
2020-01-02 09:54:12,5.42,64.000,34688.000,5.42,5.43,5.44,5.45,5.46,497,698,1287,1889,704,5.41,5.4,5.39,5.38,5.37,285,33,335,1292,491,1
2020-01-02 09:54:15,5.42,20.000,10840.000,5.42,5.43,5.44,5.45,5.46,480,698,1287,1889,704,5.41,5.4,5.39,5.38,5.37,298,633,335,1292,491,1
2020-01-02 09:54:18,5.42,172.000,93224.000,5.42,5.43,5.44,5.45,5.46,310,698,1287,1889,704,5.41,5.4,5.39,5.38,5.37,298,686,335,1292,491,1
2020-01-02 09:54:21,5.42,5.000,2710.000,5.42,5.43,5.44,5.45,5.46,305,685,1287,1889,704,5.41,5.4,5.39,5.38,5.37,257,654,335,1292,473,1
2020-01-02 09:54:33,5.42,76.000,41186.000,5.42,5.43,5.44,5.45,5.46,259,685,1287,1916,704,5.41,5.4,5.39,5.38,5.37,773,803,335,1279,473,1
2020-01-02 09:54:36,5.42,115.000,62330.000,5.42,5.43,5.44,5.45,5.46,144,685,1287,1916,704,5.41,5.4,5.39,5.38,5.37,829,803,335,1279,473,1
2020-01-02 09:54:42,5.42,169.000,92000.000,5.43,5.44,5.45,5.46,5.47,685,1287,1916,704,865,5.42,5.41,5.4,5.39,5.38,616,839,803,335,1279,1
2020-01-02 09:54:55,5.43,11.000,5967.000,5.43,5.44,5.45,5.46,5.47,692,1276,1916,704,865,5.42,5.41,5.4,5.39,5.38,644,828,803,340,1279,1
2020-01-02 09:54:57,5.43,12.000,6516.000,5.43,5.44,5.45,5.46,5.47,680,1276,1916,704,865,5.42,5.41,5.4,5.39,5.38,644,816,803,340,1279,1
2020-01-02 09:55:03,5.43,155.000,84159.000,5.43,5.44,5.45,5.46,5.47,521,1276,1916,704,865,5.42,5.41,5.4,5.39,5.38,638,816,803,340,1279,1
2020-01-02 09:55:06,5.42,51.000,27643.000,5.43,5.44,5.45,5.46,5.47,521,1276,1916,704,865,5.42,5.41,5.4,5.39,5.38,591,815,803,340,1279,0
2020-01-02 09:55:18,5.43,20.000,10860.000,5.43,5.44,5.45,5.46,5.47,599,1236,1886,704,865,5.42,5.41,5.4,5.39,5.38,601,841,803,340,1279,1
2020-01-02 09:55:30,5.43,5.000,2715.000,5.43,5.44,5.45,5.46,5.47,1167,1236,1886,706,895,5.42,5.41,5.4,5.39,5.38,682,814,803,358,1279,1
2020-01-02 09:55:33,5.42,5.000,2710.000,5.43,5.44,5.45,5.46,5.47,1169,1236,1886,706,895,5.42,5.41,5.4,5.39,5.38,675,814,803,358,1279,0
2020-01-02 09:55:36,5.42,11.000,5962.000,5.43,5.44,5.45,5.46,5.47,1169,1236,1886,706,895,5.42,5.41,5.4,5.39,5.38,664,814,803,358,1279,0
2020-01-02 09:55:40,5.43,1.000,543.000,5.43,5.44,5.45,5.46,5.47,1168,1236,1886,706,895,5.42,5.41,5.4,5.39,5.38,675,814,803,358,1279,1
2020-01-02 09:55:46,5.42,522.000,282924.000,5.43,5.44,5.45,5.46,5.47,1168,1236,1886,706,895,5.42,5.41,5.4,5.39,5.38,199,814,807,358,1279,0
2020-01-02 09:55:48,5.42,3.000,1626.000,5.43,5.44,5.45,5.46,5.47,1168,1236,1886,706,895,5.42,5.41,5.4,5.39,5.38,196,814,807,358,1279,0
2020-01-02 09:55:51,5.42,25.000,13550.000,5.43,5.44,5.45,5.46,5.47,1169,1236,1886,706,895,5.42,5.41,5.4,5.39,5.38,194,823,807,358,1279,0
2020-01-02 09:55:54,5.42,111.000,60162.000,5.43,5.44,5.45,5.46,5.47,1719,1236,1886,706,895,5.42,5.41,5.4,5.39,5.38,83,823,807,358,1279,0
2020-01-02 09:55:58,5.42,88.000,47294.000,5.42,5.43,5.44,5.45,5.46,74,1741,1236,1886,706,5.41,5.4,5.39,5.38,5.37,823,807,358,1231,447,0
2020-01-02 09:56:01,5.42,5.000,2710.000,5.42,5.43,5.44,5.45,5.46,112,1741,1236,1886,706,5.41,5.4,5.39,5.38,5.37,823,807,358,1231,447,1
2020-01-02 09:56:06,5.41,45.000,24345.000,5.42,5.43,5.44,5.45,5.46,186,1740,1236,1886,706,5.41,5.4,5.39,5.38,5.37,779,807,383,1231,447,0
2020-01-02 09:56:16,5.42,135.000,73045.000,5.42,5.43,5.44,5.45,5.46,163,2238,1236,1886,706,5.41,5.4,5.39,5.38,5.37,699,807,383,1235,447,1
2020-01-02 09:56:18,5.42,8.000,4336.000,5.42,5.43,5.44,5.45,5.46,156,2238,1236,1886,706,5.41,5.4,5.39,5.38,5.37,812,807,383,1235,447,1
2020-01-02 09:56:24,5.42,2.000,1084.000,5.42,5.43,5.44,5.45,5.46,155,2248,1236,1886,706,5.41,5.4,5.39,5.38,5.37,814,807,383,1235,447,1
2020-01-02 09:56:33,5.42,15.000,8125.000,5.42,5.43,5.44,5.45,5.46,148,2248,1216,1896,806,5.41,5.4,5.39,5.38,5.37,809,807,398,1235,447,1
2020-01-02 09:56:37,5.42,10.000,5420.000,5.42,5.43,5.44,5.45,5.46,140,2248,1216,1896,806,5.41,5.4,5.39,5.38,5.37,809,807,398,1235,447,1
2020-01-02 09:56:39,5.42,18.000,9756.000,5.42,5.43,5.44,5.45,5.46,173,2248,1216,1896,806,5.41,5.4,5.39,5.38,5.37,810,807,398,1235,447,1
2020-01-02 09:56:42,5.42,33.000,17882.000,5.42,5.43,5.44,5.45,5.46,149,2248,1216,1896,806,5.41,5.4,5.39,5.38,5.37,806,207,442,1235,447,1
2020-01-02 09:56:46,5.42,53.000,28726.000,5.42,5.43,5.44,5.45,5.46,145,2249,1216,1896,806,5.41,5.4,5.39,5.38,5.37,806,207,442,1235,447,1
2020-01-02 09:56:54,5.42,38.000,20596.000,5.42,5.43,5.44,5.45,5.46,153,2249,1216,1896,806,5.41,5.4,5.39,5.38,5.37,807,207,442,1235,447,1
2020-01-02 09:56:57,5.42,14.000,7588.000,5.42,5.43,5.44,5.45,5.46,146,2249,1216,1896,806,5.41,5.4,5.39,5.38,5.37,807,207,442,1235,447,1
2020-01-02 09:57:00,5.42,15.000,8120.000,5.42,5.43,5.44,5.45,5.46,141,2249,1216,1896,806,5.41,5.4,5.39,5.38,5.37,797,207,442,1235,447,1
2020-01-02 09:57:04,5.42,24.000,13008.000,5.42,5.43,5.44,5.45,5.46,117,2246,1216,1896,806,5.41,5.4,5.39,5.38,5.37,797,207,442,1235,447,1
2020-01-02 09:57:12,5.43,152.000,82393.000,5.43,5.44,5.45,5.46,5.47,2336,1216,1896,806,915,5.42,5.41,5.4,5.39,5.38,58,797,207,489,1235,1
2020-01-02 09:57:16,5.42,61.000,33068.000,5.43,5.44,5.45,5.46,5.47,2331,1216,1906,806,915,5.42,5.41,5.4,5.39,5.38,15,816,207,489,1235,0
2020-01-02 09:57:18,5.42,16.000,8672.000,5.42,5.43,5.44,5.45,5.46,8,2331,1216,1906,806,5.41,5.4,5.39,5.38,5.37,816,207,489,1235,447,0
2020-01-02 09:57:21,5.42,14.000,7588.000,5.42,5.43,5.44,5.45,5.46,15,2365,1216,1906,806,5.41,5.4,5.39,5.38,5.37,816,207,489,1235,447,1
2020-01-02 09:57:24,5.42,32.000,17344.000,5.42,5.43,5.44,5.45,5.46,40,2365,1216,1906,806,5.41,5.4,5.39,5.38,5.37,816,207,489,1235,447,1
2020-01-02 09:57:33,5.42,1.000,542.000,5.42,5.43,5.44,5.45,5.46,42,2365,1216,1906,806,5.41,5.4,5.39,5.38,5.37,819,207,457,1178,447,1
2020-01-02 09:57:45,5.42,38.000,20596.000,5.42,5.43,5.44,5.45,5.46,4,2345,1216,1906,806,5.41,5.4,5.39,5.38,5.37,829,207,457,1178,447,1
2020-01-02 09:57:48,5.43,72.000,39092.000,5.43,5.44,5.45,5.46,5.47,2277,1216,1906,806,965,5.41,5.4,5.39,5.38,5.37,829,207,457,1178,447,1
2020-01-02 09:57:51,5.42,1.000,542.000,5.42,5.43,5.44,5.45,5.46,8,2286,1216,1906,806,5.41,5.4,5.39,5.38,5.37,829,207,457,1178,447,0
2020-01-02 09:57:57,5.42,1.000,542.000,5.42,5.43,5.44,5.45,5.46,19,2277,1216,1906,806,5.41,5.4,5.39,5.38,5.37,829,237,457,1178,447,1
2020-01-02 09:58:04,5.41,212.000,114692.000,5.42,5.43,5.44,5.45,5.46,19,2277,1216,1906,806,5.41,5.4,5.39,5.38,5.37,617,237,457,1178,447,0
2020-01-02 09:58:12,5.41,23.000,12444.000,5.42,5.43,5.44,5.45,5.46,55,2236,1216,1906,806,5.41,5.4,5.39,5.38,5.37,595,237,457,1178,447,0
2020-01-02 09:58:18,5.41,6.000,3246.000,5.42,5.43,5.44,5.45,5.46,54,2236,1216,1906,806,5.41,5.4,5.39,5.38,5.37,590,237,457,1178,447,0
2020-01-02 09:58:21,5.42,13.000,7048.000,5.42,5.43,5.44,5.45,5.46,48,2236,1216,1906,806,5.41,5.4,5.39,5.38,5.37,593,237,457,1178,447,1
2020-01-02 09:58:24,5.42,1.000,540.000,5.42,5.43,5.44,5.45,5.46,68,2236,1216,1906,806,5.41,5.4,5.39,5.38,5.37,615,237,457,1178,447,1
2020-01-02 09:58:33,5.41,1.000,542.000,5.42,5.43,5.44,5.45,5.46,70,2236,1216,1916,806,5.41,5.4,5.39,5.38,5.37,615,237,457,1178,447,0
2020-01-02 09:58:36,5.42,72.000,39024.000,5.43,5.44,5.45,5.46,5.47,2236,1216,1916,806,965,5.42,5.41,5.4,5.39,5.38,38,631,237,457,1178,1
2020-01-02 09:58:39,5.42,26.000,14094.000,5.43,5.44,5.45,5.46,5.47,2235,1216,1916,806,965,5.42,5.41,5.4,5.39,5.38,13,1031,237,457,1178,0
2020-01-02 09:58:42,5.43,41.000,22260.000,5.43,5.44,5.45,5.46,5.47,2196,1216,1916,806,965,5.42,5.41,5.4,5.39,5.38,11,1012,237,457,1313,1
2020-01-02 09:58:45,5.42,2.000,1084.000,5.43,5.44,5.45,5.46,5.47,2196,1216,1916,806,965,5.42,5.41,5.4,5.39,5.38,43,1006,237,557,1313,0
2020-01-02 09:58:54,5.43,1.000,544.000,5.43,5.44,5.45,5.46,5.47,2196,1216,1916,806,965,5.42,5.41,5.4,5.39,5.38,87,992,236,557,1313,1
2020-01-02 09:59:09,5.42,17.000,9220.000,5.43,5.44,5.45,5.46,5.47,2190,1216,1916,809,965,5.42,5.41,5.4,5.39,5.38,104,913,236,657,1313,0
2020-01-02 09:59:12,5.43,7.000,3800.000,5.43,5.44,5.45,5.46,5.47,2183,1136,1916,809,965,5.42,5.41,5.4,5.39,5.38,126,913,236,657,1313,1
2020-01-02 09:59:15,5.43,140.000,75980.000,5.43,5.44,5.45,5.46,5.47,2083,1136,1916,809,965,5.42,5.41,5.4,5.39,5.38,92,913,236,657,1313,1
2020-01-02 09:59:18,5.42,10.000,5420.000,5.43,5.44,5.45,5.46,5.47,2083,1136,1916,809,965,5.42,5.41,5.4,5.39,5.38,82,913,236,657,1313,0
2020-01-02 09:59:24,5.43,1.000,544.000,5.43,5.44,5.45,5.46,5.47,2084,1136,1916,809,965,5.42,5.41,5.4,5.39,5.38,170,912,241,657,1313,1
2020-01-02 09:59:27,5.42,30.000,16260.000,5.43,5.44,5.45,5.46,5.47,2085,1136,1916,809,965,5.42,5.41,5.4,5.39,5.38,220,912,241,657,1313,0
2020-01-02 09:59:30,5.42,8.000,4336.000,5.43,5.44,5.45,5.46,5.47,2085,1136,1916,809,975,5.42,5.41,5.4,5.39,5.38,492,912,241,657,1313,0
2020-01-02 09:59:39,5.43,7.000,3800.000,5.43,5.44,5.45,5.46,5.47,2078,1136,1936,811,975,5.42,5.41,5.4,5.39,5.38,742,912,241,637,1313,1
2020-01-02 09:59:48,5.43,14.000,7604.000,5.43,5.44,5.45,5.46,5.47,2064,1242,1936,811,975,5.42,5.41,5.4,5.39,5.38,822,912,241,637,1313,1
2020-01-02 09:59:51,5.43,23.000,12486.000,5.43,5.44,5.45,5.46,5.47,2043,1242,1936,811,975,5.42,5.41,5.4,5.39,5.38,854,912,241,637,1613,1
2020-01-02 09:59:54,5.43,39.000,21178.000,5.43,5.44,5.45,5.46,5.47,2006,1301,1936,811,975,5.42,5.41,5.4,5.39,5.38,855,912,241,637,1613,1
2020-01-02 10:00:00,5.42,163.000,88344.000,5.43,5.44,5.45,5.46,5.47,2007,1301,1936,811,975,5.42,5.41,5.4,5.39,5.38,707,939,241,637,1613,0
2020-01-02 10:00:03,5.43,67.000,36382.000,5.43,5.44,5.45,5.46,5.47,1940,1301,1936,811,975,5.42,5.41,5.4,5.39,5.38,710,939,241,637,1613,1
2020-01-02 10:00:09,5.43,7.000,3802.000,5.43,5.44,5.45,5.46,5.47,1983,1301,1946,811,975,5.42,5.41,5.4,5.39,5.38,710,939,241,637,1613,1
2020-01-02 10:00:15,5.42,20.000,10840.000,5.43,5.44,5.45,5.46,5.47,1990,1301,1946,811,975,5.42,5.41,5.4,5.39,5.38,695,939,241,637,1613,0
2020-01-02 10:00:18,5.43,4.000,2170.000,5.43,5.44,5.45,5.46,5.47,1989,1301,1946,811,975,5.42,5.41,5.4,5.39,5.38,694,939,246,637,1613,1
2020-01-02 10:00:21,5.42,10.000,5420.000,5.43,5.44,5.45,5.46,5.47,1990,1301,1946,811,975,5.42,5.41,5.4,5.39,5.38,694,939,246,637,1613,0
2020-01-02 10:00:24,5.42,99.000,53658.000,5.43,5.44,5.45,5.46,5.47,2054,1301,1946,811,975,5.42,5.41,5.4,5.39,5.38,595,939,246,637,1613,0
2020-01-02 10:00:27,5.43,41.000,22224.000,5.43,5.44,5.45,5.46,5.47,2058,1301,1946,811,975,5.42,5.41,5.4,5.39,5.38,955,939,246,637,1613,1
2020-01-02 10:00:30,5.43,1.000,542.000,5.43,5.44,5.45,5.46,5.47,2060,1301,1946,811,975,5.42,5.41,5.4,5.39,5.38,956,938,246,637,1613,1
2020-01-02 10:00:33,5.44,2073.000,1125628.000,5.44,5.45,5.46,5.47,5.48,1300,1946,811,975,1462,5.42,5.41,5.4,5.39,5.38,944,938,246,637,1613,1
2020-01-02 10:00:39,5.44,7.000,3808.000,5.44,5.45,5.46,5.47,5.48,1304,1946,811,975,1462,5.42,5.41,5.4,5.39,5.38,944,938,246,637,1613,1
2020-01-02 10:00:42,5.42,10.000,5420.000,5.44,5.45,5.46,5.47,5.48,1304,1946,811,975,1462,5.42,5.41,5.4,5.39,5.38,984,938,246,637,1613,0
2020-01-02 10:00:45,5.44,1.000,544.000,5.44,5.45,5.46,5.47,5.48,1303,1946,811,975,1462,5.43,5.42,5.41,5.4,5.39,4,980,938,246,637,1
2020-01-02 10:00:48,5.44,102.000,55486.000,5.44,5.45,5.46,5.47,5.48,1203,1946,811,975,1462,5.43,5.42,5.41,5.4,5.39,4,978,938,246,637,1
2020-01-02 10:00:51,5.43,2.000,1086.000,5.44,5.45,5.46,5.47,5.48,1208,1946,811,975,1462,5.43,5.42,5.41,5.4,5.39,102,978,938,246,637,0
2020-01-02 10:00:54,5.43,2.000,1086.000,5.44,5.45,5.46,5.47,5.48,1210,1946,811,975,1462,5.43,5.42,5.41,5.4,5.39,101,578,938,246,637,0
2020-01-02 10:00:57,5.44,189.000,102812.000,5.44,5.45,5.46,5.47,5.48,1025,1946,811,975,1462,5.43,5.42,5.41,5.4,5.39,599,597,910,246,637,1
2020-01-02 10:01:00,5.43,21.000,11404.000,5.44,5.45,5.46,5.47,5.48,1024,1946,811,975,1462,5.43,5.42,5.41,5.4,5.39,605,597,910,246,637,0
2020-01-02 10:01:03,5.43,1.000,544.000,5.44,5.45,5.46,5.47,5.48,1024,1946,811,975,1472,5.43,5.42,5.41,5.4,5.39,613,597,910,246,637,0
2020-01-02 10:01:06,5.44,6.000,3264.000,5.44,5.45,5.46,5.47,5.48,1018,1945,811,975,1472,5.43,5.42,5.41,5.4,5.39,616,622,910,246,637,1
2020-01-02 10:01:18,5.43,34.000,18476.000,5.44,5.45,5.46,5.47,5.48,1004,1945,811,975,1482,5.43,5.42,5.41,5.4,5.39,611,622,910,246,559,0
2020-01-02 10:01:21,5.44,7.000,3808.000,5.44,5.45,5.46,5.47,5.48,997,1945,811,975,1482,5.43,5.42,5.41,5.4,5.39,628,641,910,246,559,1
2020-01-02 10:01:28,5.44,1.000,544.000,5.44,5.45,5.46,5.47,5.48,1054,1945,811,975,1482,5.43,5.42,5.41,5.4,5.39,628,641,621,246,559,1
2020-01-02 10:01:30,5.43,40.000,21720.000,5.44,5.45,5.46,5.47,5.48,1054,1945,811,975,1482,5.43,5.42,5.41,5.4,5.39,588,641,621,246,559,0
2020-01-02 10:01:36,5.44,1.000,544.000,5.44,5.45,5.46,5.47,5.48,1064,1945,811,975,1482,5.43,5.42,5.41,5.4,5.39,590,640,621,237,559,1
2020-01-02 10:01:39,5.43,5.000,2716.000,5.44,5.45,5.46,5.47,5.48,1088,1955,811,975,1482,5.43,5.42,5.41,5.4,5.39,587,640,621,237,559,0
2020-01-02 10:01:42,5.44,1.000,544.000,5.44,5.45,5.46,5.47,5.48,1087,1955,811,975,1482,5.43,5.42,5.41,5.4,5.39,587,640,621,237,559,1
2020-01-02 10:01:48,5.43,2.000,1086.000,5.44,5.45,5.46,5.47,5.48,1157,1955,811,975,1482,5.43,5.42,5.41,5.4,5.39,586,640,621,237,559,0
2020-01-02 10:01:51,5.44,196.000,106448.000,5.44,5.45,5.46,5.47,5.48,1138,1955,811,975,1482,5.43,5.42,5.41,5.4,5.39,411,646,594,237,541,1
2020-01-02 10:01:54,5.44,37.000,20096.000,5.44,5.45,5.46,5.47,5.48,1151,2005,811,975,1482,5.43,5.42,5.41,5.4,5.39,379,646,594,237,541,1
2020-01-02 10:01:57,5.44,93.000,50550.000,5.44,5.45,5.46,5.47,5.48,1105,2005,811,975,1482,5.43,5.42,5.41,5.4,5.39,337,646,594,237,541,1
2020-01-02 10:02:00,5.43,149.000,80906.000,5.44,5.45,5.46,5.47,5.48,1105,2005,811,975,1482,5.43,5.42,5.41,5.4,5.39,188,646,594,237,541,0
2020-01-02 10:02:03,5.44,112.000,60850.000,5.44,5.45,5.46,5.47,5.48,1070,2005,811,975,1482,5.43,5.42,5.41,5.4,5.39,111,646,594,237,541,1
2020-01-02 10:02:06,5.44,109.000,59188.000,5.44,5.45,5.46,5.47,5.48,1069,1955,781,975,1482,5.43,5.42,5.41,5.4,5.39,4,686,594,237,541,1
2020-01-02 10:02:09,5.44,23.000,12492.000,5.43,5.44,5.45,5.46,5.47,13,1116,1955,781,975,5.42,5.41,5.4,5.39,5.38,686,594,237,541,1308,1
2020-01-02 10:02:15,5.43,24.000,13032.000,5.44,5.45,5.46,5.47,5.48,1126,1955,831,975,1537,5.43,5.42,5.41,5.4,5.39,1,686,594,237,541,0
2020-01-02 10:02:18,5.43,4.000,2172.000,5.43,5.44,5.45,5.46,5.47,473,1126,1955,831,975,5.42,5.41,5.4,5.39,5.38,686,594,237,541,1308,0
2020-01-02 10:02:21,5.43,1.000,544.000,5.43,5.44,5.45,5.46,5.47,474,1126,1955,831,975,5.42,5.41,5.4,5.39,5.38,776,594,237,541,1308,1
2020-01-02 10:02:24,5.42,2.000,1084.000,5.43,5.44,5.45,5.46,5.47,478,1126,1965,831,975,5.42,5.41,5.4,5.39,5.38,774,594,237,541,1308,0
2020-01-02 10:02:27,5.43,68.000,36924.000,5.43,5.44,5.45,5.46,5.47,417,1126,1965,831,975,5.42,5.41,5.4,5.39,5.38,774,594,237,541,1308,1
2020-01-02 10:02:30,5.43,3.000,1628.000,5.43,5.44,5.45,5.46,5.47,449,1129,1966,831,975,5.42,5.41,5.4,5.39,5.38,774,594,247,541,1308,1
2020-01-02 10:02:33,5.43,1.000,544.000,5.43,5.44,5.45,5.46,5.47,448,1129,1966,831,975,5.42,5.41,5.4,5.39,5.38,774,594,247,541,1308,1
2020-01-02 10:02:42,5.43,1.000,544.000,5.43,5.44,5.45,5.46,5.47,447,1129,1966,831,985,5.42,5.41,5.4,5.39,5.38,830,594,247,541,1308,1
2020-01-02 10:02:45,5.43,36.000,19548.000,5.43,5.44,5.45,5.46,5.47,411,1129,1966,831,805,5.42,5.41,5.4,5.39,5.38,831,594,247,541,1308,1
2020-01-02 10:02:54,5.43,1.000,542.000,5.43,5.44,5.45,5.46,5.47,488,1141,2166,831,805,5.42,5.41,5.4,5.39,5.38,833,594,251,541,1308,1
2020-01-02 10:02:57,5.43,1.000,542.000,5.43,5.44,5.45,5.46,5.47,490,1141,2166,831,805,5.42,5.41,5.4,5.39,5.38,833,594,251,541,1308,1
2020-01-02 10:03:03,5.43,1.000,544.000,5.43,5.44,5.45,5.46,5.47,489,1141,2166,831,805,5.42,5.41,5.4,5.39,5.38,833,594,251,546,1261,1
2020-01-02 10:03:06,5.43,8.000,4344.000,5.43,5.44,5.45,5.46,5.47,485,1141,2186,831,805,5.42,5.41,5.4,5.39,5.38,833,594,251,546,1261,1
2020-01-02 10:03:09,5.43,5.000,2716.000,5.43,5.44,5.45,5.46,5.47,480,1152,2186,831,805,5.42,5.41,5.4,5.39,5.38,834,594,251,546,1261,1
2020-01-02 10:03:12,5.42,38.000,20622.000,5.43,5.44,5.45,5.46,5.47,453,1152,2186,831,805,5.42,5.41,5.4,5.39,5.38,825,594,251,546,1261,0
2020-01-02 10:03:16,5.43,80.000,43440.000,5.43,5.44,5.45,5.46,5.47,433,1152,2186,831,805,5.42,5.41,5.4,5.39,5.38,825,594,251,546,1261,1
2020-01-02 10:03:21,5.43,69.000,37466.000,5.43,5.44,5.45,5.46,5.47,309,1149,2186,831,805,5.42,5.41,5.4,5.39,5.38,825,594,251,546,1261,1
2020-01-02 10:03:24,5.43,40.000,21720.000,5.43,5.44,5.45,5.46,5.47,280,1149,2186,831,805,5.42,5.41,5.4,5.39,5.38,825,594,251,546,1261,1
2020-01-02 10:03:27,5.43,38.000,20636.000,5.43,5.44,5.45,5.46,5.47,507,1149,2186,831,805,5.42,5.41,5.4,5.39,5.38,825,594,251,546,1261,1
2020-01-02 10:03:31,5.43,15.000,8144.000,5.43,5.44,5.45,5.46,5.47,492,1159,2186,831,815,5.42,5.41,5.4,5.39,5.38,825,594,251,546,1261,1
2020-01-02 10:03:36,5.43,18.000,9774.000,5.43,5.44,5.45,5.46,5.47,500,1159,2186,831,815,5.42,5.41,5.4,5.39,5.38,825,594,451,546,1261,1
2020-01-02 10:03:40,5.43,28.000,15204.000,5.43,5.44,5.45,5.46,5.47,482,1159,2186,831,815,5.42,5.41,5.4,5.39,5.38,825,594,451,546,1261,1
2020-01-02 10:03:43,5.43,1.000,542.000,5.43,5.44,5.45,5.46,5.47,481,1159,2186,831,815,5.42,5.41,5.4,5.39,5.38,825,594,451,546,1261,1
2020-01-02 10:03:45,5.43,63.000,34210.000,5.43,5.44,5.45,5.46,5.47,268,1159,2186,841,815,5.42,5.41,5.4,5.39,5.38,825,594,451,546,1261,1
2020-01-02 10:03:48,5.43,33.000,17918.000,5.43,5.44,5.45,5.46,5.47,245,1159,2186,841,815,5.42,5.41,5.4,5.39,5.38,825,594,451,546,1261,1
2020-01-02 10:03:51,5.43,6.000,3260.000,5.43,5.44,5.45,5.46,5.47,251,1159,2186,841,815,5.42,5.41,5.4,5.39,5.38,835,594,451,546,1261,1
2020-01-02 10:03:54,5.42,735.000,398374.000,5.43,5.44,5.45,5.46,5.47,247,1288,2186,841,815,5.42,5.41,5.4,5.39,5.38,105,594,451,546,1261,0
2020-01-02 10:03:58,5.43,95.000,51586.000,5.43,5.44,5.45,5.46,5.47,155,1288,2186,841,815,5.42,5.41,5.4,5.39,5.38,171,594,451,546,1261,1
2020-01-02 10:04:06,5.42,16.000,8680.000,5.43,5.44,5.45,5.46,5.47,226,1288,2186,841,815,5.42,5.41,5.4,5.39,5.38,230,594,451,546,1261,0
2020-01-02 10:04:12,5.43,18.000,9772.000,5.43,5.44,5.45,5.46,5.47,184,1298,2185,841,815,5.42,5.41,5.4,5.39,5.38,163,594,451,546,1261,1
2020-01-02 10:04:15,5.43,16.000,8688.000,5.43,5.44,5.45,5.46,5.47,168,1298,2185,841,815,5.42,5.41,5.4,5.39,5.38,237,594,451,546,1261,1
2020-01-02 10:04:21,5.43,32.000,17376.000,5.43,5.44,5.45,5.46,5.47,137,1280,2185,841,815,5.42,5.41,5.4,5.39,5.38,415,594,451,546,1261,1
2020-01-02 10:04:28,5.43,153.000,83080.000,5.44,5.45,5.46,5.47,5.48,1280,2185,841,815,1534,5.43,5.42,5.41,5.4,5.39,347,416,594,451,546,1
2020-01-02 10:04:30,5.43,347.000,188420.000,5.43,5.44,5.45,5.46,5.47,153,1292,2185,841,815,5.42,5.41,5.4,5.39,5.38,350,194,451,546,1261,0
2020-01-02 10:04:36,5.43,33.000,17920.000,5.43,5.44,5.45,5.46,5.47,126,1292,2185,841,815,5.42,5.41,5.4,5.39,5.38,366,194,451,546,1261,1
2020-01-02 10:04:39,5.43,33.000,17920.000,5.43,5.44,5.45,5.46,5.47,199,1292,2185,841,815,5.42,5.41,5.4,5.39,5.38,366,194,451,546,1261,1
2020-01-02 10:04:42,5.43,1.000,542.000,5.43,5.44,5.45,5.46,5.47,198,1292,2170,841,815,5.42,5.41,5.4,5.39,5.38,366,194,451,546,1261,1
2020-01-02 10:04:54,5.43,8.000,4344.000,5.43,5.44,5.45,5.46,5.47,191,1303,2170,841,815,5.42,5.41,5.4,5.39,5.38,858,194,451,546,1261,1
2020-01-02 10:04:57,5.42,63.000,34146.000,5.43,5.44,5.45,5.46,5.47,194,1302,2170,841,805,5.42,5.41,5.4,5.39,5.38,805,194,398,546,1261,0
2020-01-02 10:05:06,5.43,87.000,47240.000,5.43,5.44,5.45,5.46,5.47,107,1302,2170,841,805,5.42,5.41,5.4,5.39,5.38,805,194,398,546,1261,1
2020-01-02 10:05:09,5.43,13.000,7060.000,5.43,5.44,5.45,5.46,5.47,124,1302,2170,841,805,5.42,5.41,5.4,5.39,5.38,839,194,398,546,1261,1
2020-01-02 10:05:27,5.43,1.000,544.000,5.43,5.44,5.45,5.46,5.47,161,1300,2170,841,805,5.42,5.41,5.4,5.39,5.38,838,218,398,546,1261,1
2020-01-02 10:05:30,5.43,1.000,542.000,5.43,5.44,5.45,5.46,5.47,165,1300,2170,841,805,5.42,5.41,5.4,5.39,5.38,838,218,398,546,1261,1
2020-01-02 10:05:39,5.43,20.000,10860.000,5.43,5.44,5.45,5.46,5.47,145,1307,2170,841,805,5.42,5.41,5.4,5.39,5.38,838,218,398,546,1261,1
2020-01-02 10:05:51,5.42,10.000,5420.000,5.43,5.44,5.45,5.46,5.47,185,1304,2120,841,805,5.42,5.41,5.4,5.39,5.38,829,218,398,546,1261,0
2020-01-02 10:05:54,5.43,1.000,542.000,5.43,5.44,5.45,5.46,5.47,185,1304,2120,841,805,5.42,5.41,5.4,5.39,5.38,829,218,398,546,1261,1
2020-01-02 10:05:57,5.43,189.000,102628.000,5.44,5.45,5.46,5.47,5.48,1304,2120,841,805,1534,5.43,5.42,5.41,5.4,5.39,211,829,218,398,546,1
2020-01-02 10:06:06,5.44,37.000,20096.000,5.44,5.45,5.46,5.47,5.48,1309,2120,841,805,1534,5.43,5.42,5.41,5.4,5.39,267,874,218,398,546,1
2020-01-02 10:06:09,5.44,16.000,8704.000,5.44,5.45,5.46,5.47,5.48,1253,2120,841,805,1534,5.43,5.42,5.41,5.4,5.39,268,857,218,398,546,1
2020-01-02 10:06:12,5.43,63.000,34208.000,5.44,5.45,5.46,5.47,5.48,1279,2120,841,805,1534,5.43,5.42,5.41,5.4,5.39,210,854,218,398,546,0
2020-01-02 10:06:18,5.43,10.000,5432.000,5.44,5.45,5.46,5.47,5.48,1367,2120,841,818,1534,5.43,5.42,5.41,5.4,5.39,207,895,218,398,546,0
2020-01-02 10:06:21,5.44,11.000,5984.000,5.44,5.45,5.46,5.47,5.48,1356,2120,841,818,1534,5.43,5.42,5.41,5.4,5.39,244,895,218,398,546,1
2020-01-02 10:06:24,5.43,10.000,5428.000,5.44,5.45,5.46,5.47,5.48,1356,2120,846,818,1534,5.43,5.42,5.41,5.4,5.39,234,863,218,398,546,0
2020-01-02 10:06:30,5.43,10.000,5432.000,5.44,5.45,5.46,5.47,5.48,1413,2120,846,818,1534,5.43,5.42,5.41,5.4,5.39,224,863,218,398,546,0
2020-01-02 10:06:33,5.43,1.000,542.000,5.44,5.45,5.46,5.47,5.48,1413,2120,846,818,1534,5.43,5.42,5.41,5.4,5.39,225,863,218,398,546,0
2020-01-02 10:06:36,5.43,50.000,27150.000,5.44,5.45,5.46,5.47,5.48,1413,2120,846,818,1534,5.43,5.42,5.41,5.4,5.39,229,863,218,398,546,0
2020-01-02 10:06:45,5.44,4.000,2176.000,5.44,5.45,5.46,5.47,5.48,1408,2120,846,888,1534,5.43,5.42,5.41,5.4,5.39,326,863,218,398,546,1
2020-01-02 10:06:48,5.43,1.000,544.000,5.44,5.45,5.46,5.47,5.48,1408,2120,846,888,1534,5.43,5.42,5.41,5.4,5.39,325,863,218,398,546,0
2020-01-02 10:06:57,5.43,4.000,2172.000,5.44,5.45,5.46,5.47,5.48,1434,2120,846,888,1534,5.43,5.42,5.41,5.4,5.39,329,863,218,398,546,0
2020-01-02 10:07:00,5.43,27.000,14660.000,5.44,5.45,5.46,5.47,5.48,1434,2120,846,888,1534,5.43,5.42,5.41,5.4,5.39,303,819,218,398,546,0
2020-01-02 10:07:03,5.43,200.000,108600.000,5.44,5.45,5.46,5.47,5.48,1434,2120,846,888,1534,5.43,5.42,5.41,5.4,5.39,103,819,218,398,546,0
2020-01-02 10:07:06,5.44,205.000,111520.000,5.44,5.45,5.46,5.47,5.48,1229,2120,846,888,1534,5.43,5.42,5.41,5.4,5.39,103,819,218,398,546,1
2020-01-02 10:07:09,5.44,10.000,5440.000,5.44,5.45,5.46,5.47,5.48,1247,2120,846,888,1539,5.43,5.42,5.41,5.4,5.39,103,819,218,398,546,1
2020-01-02 10:07:15,5.43,85.000,46160.000,5.44,5.45,5.46,5.47,5.48,1243,2120,846,888,1539,5.43,5.42,5.41,5.4,5.39,23,768,218,398,546,0
2020-01-02 10:07:18,5.43,29.000,15748.000,5.44,5.45,5.46,5.47,5.48,1243,2120,846,888,1539,5.43,5.42,5.41,5.4,5.39,46,768,218,398,546,0
2020-01-02 10:07:30,5.43,3.000,1628.000,5.44,5.45,5.46,5.47,5.48,1245,2120,846,888,1539,5.43,5.42,5.41,5.4,5.39,43,768,218,398,546,0
2020-01-02 10:07:33,5.43,44.000,23892.000,5.43,5.44,5.45,5.46,5.47,156,1245,2120,846,888,5.42,5.41,5.4,5.39,5.38,778,218,398,546,1256,0
2020-01-02 10:07:39,5.43,177.000,96112.000,5.44,5.45,5.46,5.47,5.48,1245,2120,846,888,1539,5.43,5.42,5.41,5.4,5.39,23,778,218,198,546,1
2020-01-02 10:07:42,5.44,7.000,3808.000,5.44,5.45,5.46,5.47,5.48,1237,2120,846,888,1539,5.43,5.42,5.41,5.4,5.39,24,778,218,198,546,1
2020-01-02 10:08:03,5.43,29.000,15746.000,5.44,5.45,5.46,5.47,5.48,1289,2129,876,888,1539,5.43,5.42,5.41,5.4,5.39,279,778,216,198,546,0
2020-01-02 10:08:06,5.43,200.000,108600.000,5.44,5.45,5.46,5.47,5.48,1289,2129,876,888,1539,5.43,5.42,5.41,5.4,5.39,79,778,216,198,546,0
2020-01-02 10:08:24,5.42,150.000,81300.000,5.43,5.44,5.45,5.46,5.47,1467,1258,2129,876,888,5.42,5.41,5.4,5.39,5.38,743,216,198,546,1056,0
2020-01-02 10:08:27,5.43,34.000,18462.000,5.43,5.44,5.45,5.46,5.47,1453,1258,2129,876,888,5.42,5.41,5.4,5.39,5.38,747,216,198,546,1056,1
2020-01-02 10:08:33,5.43,10.000,5430.000,5.43,5.44,5.45,5.46,5.47,1443,1258,3161,926,888,5.42,5.41,5.4,5.39,5.38,747,216,198,546,1056,1
2020-01-02 10:08:39,5.42,1.000,542.000,5.43,5.44,5.45,5.46,5.47,1443,1258,3161,926,888,5.42,5.41,5.4,5.39,5.38,746,211,198,546,1056,0
2020-01-02 10:08:42,5.42,1.000,542.000,5.43,5.44,5.45,5.46,5.47,1442,1258,3161,926,888,5.42,5.41,5.4,5.39,5.38,745,211,198,546,1056,0
2020-01-02 10:08:45,5.43,23.000,12486.000,5.43,5.44,5.45,5.46,5.47,1422,1258,3161,926,888,5.42,5.41,5.4,5.39,5.38,742,211,198,546,1056,1
2020-01-02 10:08:51,5.42,121.000,65582.000,5.43,5.44,5.45,5.46,5.47,1424,1258,3161,926,888,5.42,5.41,5.4,5.39,5.38,621,211,198,546,1056,0
2020-01-02 10:08:57,5.42,1.000,542.000,5.43,5.44,5.45,5.46,5.47,1426,1288,3161,926,888,5.42,5.41,5.4,5.39,5.38,620,211,198,581,1056,0
2020-01-02 10:09:06,5.42,50.000,27100.000,5.43,5.44,5.45,5.46,5.47,1426,1288,3161,926,888,5.42,5.41,5.4,5.39,5.38,570,211,198,581,1156,0
2020-01-02 10:09:12,5.42,1.000,542.000,5.43,5.44,5.45,5.46,5.47,1462,1288,3161,926,888,5.42,5.41,5.4,5.39,5.38,569,211,198,581,1156,0
2020-01-02 10:09:15,5.42,64.000,34688.000,5.43,5.44,5.45,5.46,5.47,1462,1298,3161,926,888,5.42,5.41,5.4,5.39,5.38,505,211,218,581,1156,0
2020-01-02 10:09:21,5.42,507.000,274794.000,5.42,5.43,5.44,5.45,5.46,1,1398,1298,3161,926,5.41,5.4,5.39,5.38,5.37,211,218,581,1156,433,0
2020-01-02 10:09:30,5.41,25.000,13544.000,5.42,5.43,5.44,5.45,5.46,90,1395,1243,3161,926,5.41,5.4,5.39,5.38,5.37,208,218,581,1176,433,0
2020-01-02 10:09:33,5.42,1.000,544.000,5.42,5.43,5.44,5.45,5.46,89,1395,1243,3161,926,5.41,5.4,5.39,5.38,5.37,330,218,581,1176,433,1
2020-01-02 10:09:36,5.42,1.000,540.000,5.42,5.43,5.44,5.45,5.46,132,1393,1239,3161,926,5.41,5.4,5.39,5.38,5.37,330,218,581,1176,433,1
2020-01-02 10:09:39,5.42,3.000,1628.000,5.42,5.43,5.44,5.45,5.46,129,1393,1239,3161,926,5.41,5.4,5.39,5.38,5.37,331,237,581,1176,433,1
2020-01-02 10:09:42,5.42,68.000,36804.000,5.42,5.43,5.44,5.45,5.46,111,1393,1239,3161,926,5.41,5.4,5.39,5.38,5.37,281,237,581,1176,433,1
2020-01-02 10:09:48,5.42,1.000,544.000,5.42,5.43,5.44,5.45,5.46,111,1393,1239,3161,926,5.41,5.4,5.39,5.38,5.37,313,237,581,1176,433,1
2020-01-02 10:10:01,5.42,1.000,540.000,5.42,5.43,5.44,5.45,5.46,252,1375,1211,3161,926,5.41,5.4,5.39,5.38,5.37,313,237,606,1176,433,1
2020-01-02 10:10:15,5.42,145.000,78592.000,5.42,5.43,5.44,5.45,5.46,127,1413,1208,3161,845,5.41,5.4,5.39,5.38,5.37,329,437,606,1176,433,1
2020-01-02 10:10:21,5.41,1.000,540.000,5.42,5.43,5.44,5.45,5.46,128,1413,1208,3179,863,5.41,5.4,5.39,5.38,5.37,328,437,606,1176,433,0
2020-01-02 10:10:33,5.42,35.000,18970.000,5.42,5.43,5.44,5.45,5.46,98,1423,1208,3179,898,5.41,5.4,5.39,5.38,5.37,521,437,606,1176,433,1
2020-01-02 10:10:36,5.42,98.000,53116.000,5.43,5.44,5.45,5.46,5.47,1423,1208,3179,898,888,5.42,5.41,5.4,5.39,5.38,12,521,437,606,1176,1
2020-01-02 10:10:39,5.43,90.000,48820.000,5.43,5.44,5.45,5.46,5.47,1364,1208,3179,898,888,5.41,5.4,5.39,5.38,5.37,389,437,606,1176,433,1
2020-01-02 10:10:48,5.42,17.000,9214.000,5.42,5.43,5.44,5.45,5.46,3,1370,1079,3196,898,5.41,5.4,5.39,5.38,5.37,333,437,606,1176,433,0
2020-01-02 10:10:54,5.42,4.000,2168.000,5.43,5.44,5.45,5.46,5.47,1364,1079,3196,898,888,5.42,5.41,5.4,5.39,5.38,57,338,474,606,1176,1
2020-01-02 10:11:03,5.43,1.000,544.000,5.43,5.44,5.45,5.46,5.47,356,1079,3215,898,888,5.42,5.41,5.4,5.39,5.38,69,240,574,606,1176,1
2020-01-02 10:11:06,5.42,69.000,37396.000,5.42,5.43,5.44,5.45,5.46,131,356,1079,3215,898,5.41,5.4,5.39,5.38,5.37,240,574,606,1196,433,0
2020-01-02 10:11:09,5.42,28.000,15176.000,5.42,5.43,5.44,5.45,5.46,103,393,1079,3215,898,5.41,5.4,5.39,5.38,5.37,240,574,606,1196,433,1
2020-01-02 10:11:16,5.41,2.000,1084.000,5.42,5.43,5.44,5.45,5.46,103,904,1079,3215,898,5.41,5.4,5.39,5.38,5.37,239,574,606,1196,433,0
2020-01-02 10:11:25,5.41,9.000,4868.000,5.42,5.43,5.44,5.45,5.46,305,923,1079,3215,898,5.41,5.4,5.39,5.38,5.37,230,574,606,1196,433,0
2020-01-02 10:11:27,5.42,165.000,89430.000,5.42,5.43,5.44,5.45,5.46,145,972,1079,3215,898,5.41,5.4,5.39,5.38,5.37,230,574,606,1196,433,1
2020-01-02 10:11:31,5.42,72.000,39024.000,5.42,5.43,5.44,5.45,5.46,78,972,1079,3215,898,5.41,5.4,5.39,5.38,5.37,230,574,606,1196,453,1
2020-01-02 10:11:46,5.42,5.000,2710.000,5.42,5.43,5.44,5.45,5.46,113,972,1089,3215,898,5.41,5.4,5.39,5.38,5.37,227,574,606,1196,453,1
2020-01-02 10:11:51,5.42,54.000,29268.000,5.42,5.43,5.44,5.45,5.46,59,1171,1089,3235,898,5.41,5.4,5.39,5.38,5.37,227,589,606,1196,453,1
2020-01-02 10:12:12,5.42,1.000,542.000,5.42,5.43,5.44,5.45,5.46,63,1181,1089,3240,898,5.41,5.4,5.39,5.38,5.37,429,599,616,1196,453,1
2020-01-02 10:12:30,5.42,4.000,2168.000,5.42,5.43,5.44,5.45,5.46,131,1181,1003,3250,898,5.41,5.4,5.39,5.38,5.37,434,599,616,1196,453,1
2020-01-02 10:12:36,5.41,4.000,2164.000,5.42,5.43,5.44,5.45,5.46,141,1181,1003,3250,898,5.41,5.4,5.39,5.38,5.37,432,599,616,1196,453,0
2020-01-02 10:12:42,5.42,4.000,2168.000,5.42,5.43,5.44,5.45,5.46,214,1181,1003,3250,898,5.41,5.4,5.39,5.38,5.37,439,619,616,1196,453,1
2020-01-02 10:12:51,5.42,217.000,117614.000,5.43,5.44,5.45,5.46,5.47,1201,1003,3250,898,923,5.42,5.41,5.4,5.39,5.38,32,439,619,616,1196,1
2020-01-02 10:12:54,5.42,33.000,17886.000,5.42,5.43,5.44,5.45,5.46,355,1211,1003,3250,898,5.41,5.4,5.39,5.38,5.37,418,619,616,1196,453,0
2020-01-02 10:12:57,5.42,2.000,1084.000,5.42,5.43,5.44,5.45,5.46,418,1211,1003,3250,898,5.41,5.4,5.39,5.38,5.37,418,619,616,1196,453,1
2020-01-02 10:13:06,5.42,10.000,5420.000,5.42,5.43,5.44,5.45,5.46,409,1211,1003,3250,857,5.41,5.4,5.39,5.38,5.37,418,619,616,1196,453,1
2020-01-02 10:13:15,5.42,148.000,80216.000,5.42,5.43,5.44,5.45,5.46,281,1211,1003,3250,857,5.41,5.4,5.39,5.38,5.37,440,819,616,1196,453,1
2020-01-02 10:13:18,5.42,4.000,2168.000,5.42,5.43,5.44,5.45,5.46,276,1209,1003,3250,857,5.41,5.4,5.39,5.38,5.37,437,819,616,1196,453,1
2020-01-02 10:13:24,5.42,10.000,5420.000,5.42,5.43,5.44,5.45,5.46,268,1207,1003,3250,857,5.41,5.4,5.39,5.38,5.37,438,819,616,1196,453,1
2020-01-02 10:13:28,5.42,1.000,542.000,5.42,5.43,5.44,5.45,5.46,270,1205,1003,3250,857,5.41,5.4,5.39,5.38,5.37,438,819,616,1196,453,1
2020-01-02 10:13:33,5.42,1.000,542.000,5.42,5.43,5.44,5.45,5.46,423,1201,1003,3250,857,5.41,5.4,5.39,5.38,5.37,440,819,616,1196,453,1
2020-01-02 10:13:39,5.42,4.000,2168.000,5.42,5.43,5.44,5.45,5.46,419,1201,1003,3260,857,5.41,5.4,5.39,5.38,5.37,440,819,616,1196,453,1
2020-01-02 10:13:42,5.42,45.000,24390.000,5.42,5.43,5.44,5.45,5.46,374,1201,1003,3260,857,5.41,5.4,5.39,5.38,5.37,440,819,616,1196,453,1
2020-01-02 10:13:49,5.42,9.000,4878.000,5.42,5.43,5.44,5.45,5.46,366,1201,1003,3260,857,5.41,5.4,5.39,5.38,5.37,440,819,716,1196,453,1
2020-01-02 10:13:51,5.42,17.000,9214.000,5.42,5.43,5.44,5.45,5.46,350,1201,1003,3250,857,5.41,5.4,5.39,5.38,5.37,448,819,716,1196,453,1
2020-01-02 10:13:54,5.42,25.000,13550.000,5.42,5.43,5.44,5.45,5.46,326,1201,1003,3250,857,5.41,5.4,5.39,5.38,5.37,463,819,716,1196,453,1
2020-01-02 10:13:57,5.42,28.000,15174.000,5.42,5.43,5.44,5.45,5.46,302,1201,1003,3250,857,5.41,5.4,5.39,5.38,5.37,462,819,716,1196,453,1
2020-01-02 10:14:00,5.42,5.000,2712.000,5.42,5.43,5.44,5.45,5.46,297,1201,1003,3250,857,5.41,5.4,5.39,5.38,5.37,462,819,716,1196,453,1
2020-01-02 10:14:03,5.41,48.000,26004.000,5.42,5.43,5.44,5.45,5.46,259,1201,1003,3250,857,5.41,5.4,5.39,5.38,5.37,452,804,716,1196,453,0
2020-01-02 10:14:09,5.42,4.000,2168.000,5.42,5.43,5.44,5.45,5.46,265,1201,1003,3250,857,5.41,5.4,5.39,5.38,5.37,452,804,716,1196,453,1
2020-01-02 10:14:13,5.42,8.000,4336.000,5.42,5.43,5.44,5.45,5.46,257,1011,1003,3250,857,5.41,5.4,5.39,5.38,5.37,452,813,716,1196,453,1
2020-01-02 10:14:15,5.42,4.000,2168.000,5.42,5.43,5.44,5.45,5.46,253,1011,1003,3250,857,5.41,5.4,5.39,5.38,5.37,452,813,716,1196,453,1
2020-01-02 10:14:25,5.41,200.000,108200.000,5.42,5.43,5.44,5.45,5.46,253,882,1003,3250,857,5.41,5.4,5.39,5.38,5.37,252,813,716,1196,453,0
2020-01-02 10:14:30,5.42,6.000,3252.000,5.42,5.43,5.44,5.45,5.46,251,932,1003,3240,857,5.41,5.4,5.39,5.38,5.37,246,813,716,1196,453,1
2020-01-02 10:14:33,5.42,6.000,3252.000,5.42,5.43,5.44,5.45,5.46,245,942,1003,3240,868,5.41,5.4,5.39,5.38,5.37,246,813,716,1196,453,1
2020-01-02 10:14:54,5.41,55.000,29760.000,5.42,5.43,5.44,5.45,5.46,246,1042,1003,3240,868,5.41,5.4,5.39,5.38,5.37,253,804,716,1196,453,0
2020-01-02 10:15:00,5.42,10.000,5420.000,5.42,5.43,5.44,5.45,5.46,237,1042,1003,3240,868,5.41,5.4,5.39,5.38,5.37,263,804,684,1196,453,1
2020-01-02 10:15:06,5.41,15.000,8116.000,5.42,5.43,5.44,5.45,5.46,237,1042,1003,3240,868,5.41,5.4,5.39,5.38,5.37,248,804,684,1196,453,0
2020-01-02 10:15:10,5.42,160.000,86720.000,5.42,5.43,5.44,5.45,5.46,87,1042,1003,3240,868,5.41,5.4,5.39,5.38,5.37,264,804,684,1196,453,1
2020-01-02 10:15:21,5.42,1.000,542.000,5.42,5.43,5.44,5.45,5.46,166,1042,1003,3250,868,5.41,5.4,5.39,5.38,5.37,264,804,684,1196,453,1
2020-01-02 10:15:40,5.42,21.000,11362.000,5.42,5.43,5.44,5.45,5.46,207,949,1003,3250,868,5.41,5.4,5.39,5.38,5.37,243,804,684,1196,453,1
2020-01-02 10:15:48,5.42,6.000,3252.000,5.42,5.43,5.44,5.45,5.46,304,949,1003,3250,868,5.41,5.4,5.39,5.38,5.37,243,804,684,1196,453,1
2020-01-02 10:15:51,5.42,5.000,2712.000,5.42,5.43,5.44,5.45,5.46,304,949,1003,3250,868,5.41,5.4,5.39,5.38,5.37,238,804,684,1196,453,1
2020-01-02 10:16:09,5.42,71.000,38480.000,5.42,5.43,5.44,5.45,5.46,236,959,1003,3250,868,5.41,5.4,5.39,5.38,5.37,242,804,1062,1196,453,1
2020-01-02 10:16:24,5.42,20.000,10840.000,5.42,5.43,5.44,5.45,5.46,219,978,1003,3250,868,5.41,5.4,5.39,5.38,5.37,242,804,1062,1196,453,1
2020-01-02 10:16:36,5.41,247.000,133628.000,5.41,5.42,5.43,5.44,5.45,353,219,978,1003,3250,5.4,5.39,5.38,5.37,5.36,804,1062,1196,453,165,0
2020-01-02 10:16:39,5.41,79.000,42740.000,5.41,5.42,5.43,5.44,5.45,274,213,978,1003,3250,5.4,5.39,5.38,5.37,5.36,809,1062,1196,453,165,1
2020-01-02 10:16:42,5.41,140.000,75740.000,5.41,5.42,5.43,5.44,5.45,234,211,978,1003,3250,5.4,5.39,5.38,5.37,5.36,809,1062,1196,453,165,1
2020-01-02 10:16:45,5.41,19.000,10278.000,5.41,5.42,5.43,5.44,5.45,215,211,978,1003,3250,5.4,5.39,5.38,5.37,5.36,809,1062,1196,453,165,1
2020-01-02 10:16:48,5.41,1.000,542.000,5.41,5.42,5.43,5.44,5.45,214,148,978,1003,3250,5.4,5.39,5.38,5.37,5.36,809,1062,1196,453,165,1
2020-01-02 10:17:12,5.41,3.000,1622.000,5.41,5.42,5.43,5.44,5.45,298,147,1174,1003,3336,5.4,5.39,5.38,5.37,5.36,880,1062,1196,453,165,1
2020-01-02 10:17:51,5.41,10.000,5410.000,5.41,5.42,5.43,5.44,5.45,414,188,1174,953,3351,5.4,5.39,5.38,5.37,5.36,943,962,1176,453,165,1
2020-01-02 10:17:57,5.41,100.000,54100.000,5.41,5.42,5.43,5.44,5.45,318,188,1174,953,3351,5.4,5.39,5.38,5.37,5.36,943,962,1176,453,165,1
2020-01-02 10:18:00,5.41,1.000,540.000,5.41,5.42,5.43,5.44,5.45,327,88,1174,953,3351,5.4,5.39,5.38,5.37,5.36,947,962,1176,453,165,1
2020-01-02 10:18:03,5.41,2.000,1084.000,5.41,5.42,5.43,5.44,5.45,325,88,1174,953,3351,5.4,5.39,5.38,5.37,5.36,947,962,1176,453,165,1
2020-01-02 10:18:18,5.4,17.000,9180.000,5.41,5.42,5.43,5.44,5.45,327,88,1174,958,3367,5.4,5.39,5.38,5.37,5.36,1085,964,1176,453,165,0
2020-01-02 10:18:42,5.41,4.000,2164.000,5.41,5.42,5.43,5.44,5.45,365,88,1174,978,3397,5.4,5.39,5.38,5.37,5.36,1082,974,1176,453,165,1
2020-01-02 10:19:06,5.4,4.000,2160.000,5.41,5.42,5.43,5.44,5.45,433,84,1144,1746,3397,5.4,5.39,5.38,5.37,5.36,974,974,1176,453,165,0
2020-01-02 10:19:24,5.41,1.000,540.000,5.41,5.42,5.43,5.44,5.45,460,84,1144,1746,3407,5.4,5.39,5.38,5.37,5.36,987,1075,1176,453,165,1
2020-01-02 10:19:27,5.4,10.000,5400.000,5.41,5.42,5.43,5.44,5.45,464,84,1144,1746,3407,5.4,5.39,5.38,5.37,5.36,979,1075,1176,453,165,0
2020-01-02 10:19:30,5.4,24.000,12960.000,5.41,5.42,5.43,5.44,5.45,473,84,1144,1746,3407,5.4,5.39,5.38,5.37,5.36,955,1075,1176,453,165,0
2020-01-02 10:19:36,5.4,114.000,61560.000,5.41,5.42,5.43,5.44,5.45,473,84,1144,1746,3407,5.4,5.39,5.38,5.37,5.36,871,1075,1176,453,165,0
2020-01-02 10:19:45,5.4,5.000,2700.000,5.41,5.42,5.43,5.44,5.45,379,84,1144,1746,3417,5.4,5.39,5.38,5.37,5.36,868,1075,1176,453,165,0
2020-01-02 10:19:51,5.4,2.000,1080.000,5.41,5.42,5.43,5.44,5.45,379,84,1144,1796,3417,5.4,5.39,5.38,5.37,5.36,866,1075,1176,453,165,0
2020-01-02 10:19:58,5.4,2.000,1080.000,5.41,5.42,5.43,5.44,5.45,384,84,1144,1796,3417,5.4,5.39,5.38,5.37,5.36,866,1075,1176,453,165,0
2020-01-02 10:20:00,5.4,100.000,54000.000,5.41,5.42,5.43,5.44,5.45,384,84,1144,1796,3417,5.4,5.39,5.38,5.37,5.36,766,1075,1176,453,165,0
2020-01-02 10:20:06,5.4,72.000,38880.000,5.41,5.42,5.43,5.44,5.45,379,81,1144,1796,3417,5.4,5.39,5.38,5.37,5.36,694,1075,1176,453,165,0
2020-01-02 10:20:09,5.4,24.000,12960.000,5.41,5.42,5.43,5.44,5.45,378,81,1144,1796,3417,5.4,5.39,5.38,5.37,5.36,671,1075,1176,453,165,0
2020-01-02 10:20:12,5.4,13.000,7020.000,5.41,5.42,5.43,5.44,5.45,385,81,1144,1796,3417,5.4,5.39,5.38,5.37,5.36,658,1075,1176,453,165,0
2020-01-02 10:20:15,5.4,8.000,4320.000,5.41,5.42,5.43,5.44,5.45,385,81,1144,1796,3417,5.4,5.39,5.38,5.37,5.36,645,1075,1176,453,165,0
2020-01-02 10:20:18,5.41,8.000,4328.000,5.41,5.42,5.43,5.44,5.45,379,81,1144,1796,3417,5.4,5.39,5.38,5.37,5.36,637,1075,1176,453,165,1
2020-01-02 10:20:27,5.41,77.000,41656.000,5.41,5.42,5.43,5.44,5.45,250,81,1144,1796,3417,5.4,5.39,5.38,5.37,5.36,632,1075,1176,453,165,1
2020-01-02 10:20:36,5.41,100.000,54100.000,5.41,5.42,5.43,5.44,5.45,87,81,1144,1796,3417,5.4,5.39,5.38,5.37,5.36,634,1075,1176,453,165,1
2020-01-02 10:20:42,5.41,2.000,1082.000,5.41,5.42,5.43,5.44,5.45,84,91,1144,1796,3417,5.4,5.39,5.38,5.37,5.36,650,1075,1176,453,165,1
2020-01-02 10:20:46,5.4,20.000,10800.000,5.41,5.42,5.43,5.44,5.45,84,91,1144,1796,3417,5.4,5.39,5.38,5.37,5.36,640,1075,1176,453,165,0
2020-01-02 10:20:57,5.41,10.000,5410.000,5.41,5.42,5.43,5.44,5.45,79,91,1144,1796,3417,5.4,5.39,5.38,5.37,5.36,592,1075,1176,453,177,1
2020-01-02 10:21:06,5.4,60.000,32406.000,5.41,5.42,5.43,5.44,5.45,79,91,1144,1796,3421,5.4,5.39,5.38,5.37,5.36,532,1075,1176,444,177,0
2020-01-02 10:21:09,5.41,1.000,542.000,5.41,5.42,5.43,5.44,5.45,78,91,1144,1796,3421,5.4,5.39,5.38,5.37,5.36,532,1075,1176,444,177,1
2020-01-02 10:21:12,5.41,5.000,2704.000,5.41,5.42,5.43,5.44,5.45,73,91,1144,1796,3421,5.4,5.39,5.38,5.37,5.36,532,1075,1176,444,177,1
2020-01-02 10:21:18,5.4,63.000,34020.000,5.41,5.42,5.43,5.44,5.45,73,91,1144,1886,3450,5.4,5.39,5.38,5.37,5.36,470,1075,1176,444,177,0
2020-01-02 10:21:22,5.41,34.000,18394.000,5.41,5.42,5.43,5.44,5.45,40,91,1144,1886,3450,5.4,5.39,5.38,5.37,5.36,470,974,1176,444,177,1
2020-01-02 10:21:33,5.41,2.000,1082.000,5.41,5.42,5.43,5.44,5.45,40,143,1144,1886,3450,5.4,5.39,5.38,5.37,5.36,470,974,1236,444,177,1
2020-01-02 10:21:36,5.41,6.000,3246.000,5.41,5.42,5.43,5.44,5.45,34,143,1144,1886,3450,5.4,5.39,5.38,5.37,5.36,464,974,1236,444,267,1
2020-01-02 10:21:48,5.41,2.000,1082.000,5.41,5.42,5.43,5.44,5.45,30,133,1144,1886,3450,5.4,5.39,5.38,5.37,5.36,508,975,1219,444,267,1
2020-01-02 10:21:57,5.41,4.000,2164.000,5.41,5.42,5.43,5.44,5.45,29,133,1144,1886,3450,5.4,5.39,5.38,5.37,5.36,512,975,1219,444,267,1
2020-01-02 10:22:15,5.41,1.000,540.000,5.41,5.42,5.43,5.44,5.45,93,133,1144,1886,3450,5.4,5.39,5.38,5.37,5.36,517,975,1222,444,267,1
2020-01-02 10:22:24,5.41,9.000,4870.000,5.41,5.42,5.43,5.44,5.45,85,151,1144,1886,3450,5.4,5.39,5.38,5.37,5.36,1606,975,1222,444,267,1
2020-01-02 10:22:27,5.41,4.000,2164.000,5.41,5.42,5.43,5.44,5.45,82,151,1144,1986,3450,5.4,5.39,5.38,5.37,5.36,1606,975,1202,444,267,1
2020-01-02 10:22:31,5.41,13.000,7034.000,5.41,5.42,5.43,5.44,5.45,69,151,1144,1986,3450,5.4,5.39,5.38,5.37,5.36,1606,975,1202,444,267,1
2020-01-02 10:22:42,5.41,2.000,1080.000,5.41,5.42,5.43,5.44,5.45,67,451,1154,1986,3450,5.4,5.39,5.38,5.37,5.36,1609,975,1202,444,267,1
2020-01-02 10:22:45,5.41,1.000,542.000,5.41,5.42,5.43,5.44,5.45,66,451,1154,1986,3450,5.4,5.39,5.38,5.37,5.36,1607,975,1202,444,267,1
2020-01-02 10:22:48,5.41,2.000,1082.000,5.41,5.42,5.43,5.44,5.45,64,451,1154,1986,3444,5.4,5.39,5.38,5.37,5.36,1607,975,1202,444,267,1
2020-01-02 10:22:52,5.41,65.000,35164.000,5.42,5.43,5.44,5.45,5.46,451,1154,1986,3444,886,5.41,5.4,5.39,5.38,5.37,164,1607,975,1202,444,1
2020-01-02 10:22:57,5.42,5.000,2712.000,5.42,5.43,5.44,5.45,5.46,451,1154,1986,3444,886,5.41,5.4,5.39,5.38,5.37,181,1603,975,1202,444,1
2020-01-02 10:23:03,5.42,65.000,35228.000,5.42,5.43,5.44,5.45,5.46,786,1154,1986,3444,886,5.41,5.4,5.39,5.38,5.37,181,2004,975,1202,444,1
2020-01-02 10:23:12,5.42,4.000,2168.000,5.42,5.43,5.44,5.45,5.46,783,1154,1986,3444,886,5.41,5.4,5.39,5.38,5.37,183,1998,975,1202,444,1
2020-01-02 10:23:19,5.41,10.000,5412.000,5.42,5.43,5.44,5.45,5.46,788,1154,1986,3444,886,5.41,5.4,5.39,5.38,5.37,181,1542,975,1202,444,0
2020-01-02 10:23:24,5.42,50.000,27100.000,5.42,5.43,5.44,5.45,5.46,738,1154,1986,3444,886,5.41,5.4,5.39,5.38,5.37,192,1542,975,1202,444,1
2020-01-02 10:23:45,5.42,1.000,540.000,5.42,5.43,5.44,5.45,5.46,737,1154,1986,3444,886,5.41,5.4,5.39,5.38,5.37,661,1542,975,1202,444,1
2020-01-02 10:23:51,5.41,1.000,542.000,5.42,5.43,5.44,5.45,5.46,737,1154,1986,3444,886,5.41,5.4,5.39,5.38,5.37,666,1542,975,1202,444,0
2020-01-02 10:24:00,5.42,3.000,1626.000,5.42,5.43,5.44,5.45,5.46,885,1154,1986,3444,886,5.41,5.4,5.39,5.38,5.37,666,1539,975,1202,444,1
2020-01-02 10:24:06,5.42,1.000,542.000,5.42,5.43,5.44,5.45,5.46,884,1154,1986,3444,886,5.41,5.4,5.39,5.38,5.37,667,1539,975,1202,444,1
2020-01-02 10:24:28,5.41,2.000,1082.000,5.42,5.43,5.44,5.45,5.46,885,1154,1896,3444,886,5.41,5.4,5.39,5.38,5.37,719,1539,975,1202,454,0
2020-01-02 10:24:30,5.42,6.000,3252.000,5.42,5.43,5.44,5.45,5.46,881,1154,1896,3444,886,5.41,5.4,5.39,5.38,5.37,719,1539,975,1202,454,1
2020-01-02 10:24:39,5.42,66.000,35772.000,5.42,5.43,5.44,5.45,5.46,817,1154,1896,3444,886,5.41,5.4,5.39,5.38,5.37,721,1539,975,1202,454,1
2020-01-02 10:24:57,5.41,100.000,54100.000,5.42,5.43,5.44,5.45,5.46,980,1154,1896,3444,886,5.41,5.4,5.39,5.38,5.37,621,1539,975,1202,454,0
2020-01-02 10:25:00,5.42,1.000,542.000,5.42,5.43,5.44,5.45,5.46,980,1154,1896,3444,886,5.41,5.4,5.39,5.38,5.37,621,1538,975,1202,454,1
2020-01-02 10:25:09,5.42,1.000,542.000,5.42,5.43,5.44,5.45,5.46,829,1154,1894,3444,886,5.41,5.4,5.39,5.38,5.37,623,1538,975,1202,454,1
2020-01-02 10:25:18,5.42,33.000,17886.000,5.42,5.43,5.44,5.45,5.46,882,1154,1894,3444,886,5.41,5.4,5.39,5.38,5.37,664,1538,975,1202,454,1
2020-01-02 10:25:21,5.41,8.000,4330.000,5.42,5.43,5.44,5.45,5.46,900,1154,1894,3444,886,5.41,5.4,5.39,5.38,5.37,657,1538,975,1199,454,0
2020-01-02 10:25:27,5.41,1.000,540.000,5.42,5.43,5.44,5.45,5.46,907,1154,1894,3444,886,5.41,5.4,5.39,5.38,5.37,657,1538,975,1199,454,0
2020-01-02 10:25:42,5.41,63.000,34084.000,5.42,5.43,5.44,5.45,5.46,927,1154,1894,3444,886,5.41,5.4,5.39,5.38,5.37,597,1538,975,1199,454,0
2020-01-02 10:25:54,5.41,3.000,1624.000,5.42,5.43,5.44,5.45,5.46,928,1154,1894,3444,901,5.41,5.4,5.39,5.38,5.37,596,1538,975,1199,454,0
2020-01-02 10:26:00,5.42,929.000,503516.000,5.43,5.44,5.45,5.46,5.47,1154,1894,3444,721,1503,5.42,5.41,5.4,5.39,5.38,2797,620,1538,975,1199,1
2020-01-02 10:26:03,5.43,3.000,1630.000,5.43,5.44,5.45,5.46,5.47,1151,1894,3444,721,1503,5.42,5.41,5.4,5.39,5.38,2861,620,1538,975,1200,1
2020-01-02 10:26:06,5.43,1.000,542.000,5.43,5.44,5.45,5.46,5.47,1154,1894,3444,731,1503,5.42,5.41,5.4,5.39,5.38,2864,619,1538,975,1200,1
2020-01-02 10:26:09,5.43,2.000,1088.000,5.43,5.44,5.45,5.46,5.47,1152,1894,3444,731,1503,5.42,5.41,5.4,5.39,5.38,2864,619,1538,975,1200,1
2020-01-02 10:26:19,5.42,9.000,4876.000,5.43,5.44,5.45,5.46,5.47,1182,1894,3444,731,1503,5.42,5.41,5.4,5.39,5.38,2857,617,1538,975,1200,0
2020-01-02 10:26:21,5.43,66.000,35840.000,5.43,5.44,5.45,5.46,5.47,1106,1894,3444,731,1503,5.42,5.41,5.4,5.39,5.38,2857,617,1538,975,1200,1
2020-01-02 10:26:24,5.42,5.000,2708.000,5.43,5.44,5.45,5.46,5.47,1106,1894,3444,731,1503,5.42,5.41,5.4,5.39,5.38,2853,616,1538,975,1200,0
2020-01-02 10:26:33,5.43,2.000,1088.000,5.43,5.44,5.45,5.46,5.47,1104,1894,3440,731,1503,5.42,5.41,5.4,5.39,5.38,2866,514,1538,975,1200,1
2020-01-02 10:26:43,5.43,5.000,2714.000,5.43,5.44,5.45,5.46,5.47,1103,1894,3440,731,1503,5.42,5.41,5.4,5.39,5.38,2963,514,1548,975,1200,1
2020-01-02 10:26:48,5.42,1.000,542.000,5.43,5.44,5.45,5.46,5.47,1104,1894,3440,716,1503,5.42,5.41,5.4,5.39,5.38,2963,514,1548,975,1200,0
2020-01-02 10:26:52,5.43,11.000,5972.000,5.43,5.44,5.45,5.46,5.47,1093,1898,3440,716,1503,5.42,5.41,5.4,5.39,5.38,182,514,1548,975,1200,1
2020-01-02 10:27:00,5.43,1189.000,645628.000,5.44,5.45,5.46,5.47,5.48,1898,3440,716,1503,1334,5.43,5.42,5.41,5.4,5.39,1588,191,508,1548,975,1
2020-01-02 10:27:04,5.44,6.000,3264.000,5.44,5.45,5.46,5.47,5.48,1894,3440,716,1503,1334,5.43,5.42,5.41,5.4,5.39,1610,144,508,1548,975,1
2020-01-02 10:27:21,5.44,50.000,27200.000,5.44,5.45,5.46,5.47,5.48,1844,3390,716,1503,1334,5.43,5.42,5.41,5.4,5.39,2695,140,130,1548,975,1
2020-01-02 10:27:27,5.44,381.000,207264.000,5.44,5.45,5.46,5.47,5.48,1463,3390,686,1503,1334,5.43,5.42,5.41,5.4,5.39,2697,41,130,1548,975,1
2020-01-02 10:27:30,5.44,45.000,24480.000,5.44,5.45,5.46,5.47,5.48,1418,3390,686,1503,1334,5.43,5.42,5.41,5.4,5.39,2708,30,130,1548,975,1
2020-01-02 10:27:42,5.44,1.000,544.000,5.44,5.45,5.46,5.47,5.48,1510,3390,686,1503,1364,5.43,5.42,5.41,5.4,5.39,2708,30,130,1547,975,1
2020-01-02 10:27:48,5.44,12.000,6528.000,5.44,5.45,5.46,5.47,5.48,1508,3390,686,1503,1364,5.43,5.42,5.41,5.4,5.39,2708,30,130,1547,975,1
2020-01-02 10:27:57,5.45,1513.000,823074.000,5.45,5.46,5.47,5.48,5.49,3388,686,1463,1364,1157,5.44,5.43,5.42,5.41,5.4,74,1231,28,130,1547,1
2020-01-02 10:28:00,5.44,64.000,34816.000,5.45,5.46,5.47,5.48,5.49,3388,686,1463,1364,1157,5.44,5.43,5.42,5.41,5.4,11,1237,28,130,1547,0
2020-01-02 10:28:06,5.44,23.000,12522.000,5.45,5.46,5.47,5.48,5.49,3567,686,1463,1364,1157,5.44,5.43,5.42,5.41,5.4,35,1224,28,130,1547,0
2020-01-02 10:28:09,5.44,59.000,32096.000,5.44,5.45,5.46,5.47,5.48,10,3567,671,1463,1364,5.43,5.42,5.41,5.4,5.39,1224,28,130,1544,975,0
2020-01-02 10:28:12,5.44,10.000,5440.000,5.45,5.46,5.47,5.48,5.49,3568,671,1463,1369,1157,5.43,5.42,5.41,5.4,5.39,1224,28,130,1544,975,1
2020-01-02 10:28:16,5.43,5.000,2716.000,5.45,5.46,5.47,5.48,5.49,3568,771,1463,1369,1197,5.44,5.43,5.42,5.41,5.4,122,1219,28,132,1544,0
2020-01-02 10:28:18,5.44,122.000,66368.000,5.44,5.45,5.46,5.47,5.48,1198,3568,771,1463,1261,5.43,5.42,5.41,5.4,5.39,1219,28,132,1544,975,1
2020-01-02 10:28:21,5.44,8.000,4352.000,5.44,5.45,5.46,5.47,5.48,1192,3568,776,1463,1261,5.43,5.42,5.41,5.4,5.39,1224,28,132,1544,975,1
2020-01-02 10:28:34,5.44,4.000,2176.000,5.44,5.45,5.46,5.47,5.48,1472,3570,776,1463,1281,5.43,5.42,5.41,5.4,5.39,1225,21,217,1544,975,1
2020-01-02 10:28:36,5.44,79.000,42976.000,5.44,5.45,5.46,5.47,5.48,1393,3570,776,1463,1281,5.43,5.42,5.41,5.4,5.39,1225,21,217,1544,975,1
2020-01-02 10:28:39,5.44,52.000,28288.000,5.44,5.45,5.46,5.47,5.48,1341,3570,776,1463,1281,5.43,5.42,5.41,5.4,5.39,1225,21,217,1544,975,1
2020-01-02 10:28:48,5.43,1.000,542.000,5.44,5.45,5.46,5.47,5.48,1475,3570,776,1463,1291,5.43,5.42,5.41,5.4,5.39,1224,21,217,1544,975,0
2020-01-02 10:28:54,5.43,5.000,2714.000,5.44,5.45,5.46,5.47,5.48,1475,3570,776,1463,1291,5.43,5.42,5.41,5.4,5.39,1220,21,317,1544,975,0
2020-01-02 10:28:57,5.43,60.000,32580.000,5.44,5.45,5.46,5.47,5.48,1479,3570,776,1463,1291,5.43,5.42,5.41,5.4,5.39,1160,34,327,1544,875,0
2020-01-02 10:29:12,5.44,7.000,3808.000,5.44,5.45,5.46,5.47,5.48,1472,3570,766,1463,1291,5.43,5.42,5.41,5.4,5.39,1154,34,527,1544,875,1
2020-01-02 10:29:15,5.44,163.000,88610.000,5.44,5.45,5.46,5.47,5.48,1372,3570,766,1463,1291,5.43,5.42,5.41,5.4,5.39,1091,34,527,1544,875,1
2020-01-02 10:29:33,5.44,3.000,1630.000,5.44,5.45,5.46,5.47,5.48,1371,3570,766,1463,1291,5.43,5.42,5.41,5.4,5.39,1093,34,445,1543,904,1
2020-01-02 10:29:39,5.44,1.000,544.000,5.44,5.45,5.46,5.47,5.48,1370,3770,766,1463,1291,5.43,5.42,5.41,5.4,5.39,1096,34,445,1508,904,1
2020-01-02 10:29:45,5.44,1.000,544.000,5.44,5.45,5.46,5.47,5.48,1369,3770,766,1463,1291,5.43,5.42,5.41,5.4,5.39,1101,34,445,1508,904,1
2020-01-02 10:29:48,5.43,2.000,1086.000,5.44,5.45,5.46,5.47,5.48,1369,3770,766,1463,1291,5.43,5.42,5.41,5.4,5.39,1099,34,445,1508,904,0
2020-01-02 10:30:09,5.43,2.000,1086.000,5.44,5.45,5.46,5.47,5.48,1629,3780,766,1463,1291,5.43,5.42,5.41,5.4,5.39,1100,34,479,1508,904,0
2020-01-02 10:30:15,5.43,10.000,5430.000,5.44,5.45,5.46,5.47,5.48,1629,3780,766,1463,1291,5.43,5.42,5.41,5.4,5.39,1094,34,479,1508,904,0
2020-01-02 10:30:18,5.43,60.000,32580.000,5.44,5.45,5.46,5.47,5.48,1629,3780,766,1463,1291,5.43,5.42,5.41,5.4,5.39,1035,34,479,1508,904,0
2020-01-02 10:30:21,5.43,7.000,3802.000,5.44,5.45,5.46,5.47,5.48,1633,3780,766,1463,1291,5.43,5.42,5.41,5.4,5.39,1032,34,479,1508,904,0
2020-01-02 10:30:25,5.44,1.000,544.000,5.44,5.45,5.46,5.47,5.48,1652,3780,766,1463,1291,5.43,5.42,5.41,5.4,5.39,1032,34,479,1508,904,1
2020-01-02 10:30:33,5.44,88.000,47872.000,5.44,5.45,5.46,5.47,5.48,1564,3780,766,1463,1291,5.43,5.42,5.41,5.4,5.39,1032,94,479,1508,904,1
2020-01-02 10:30:42,5.44,2.000,1088.000,5.44,5.45,5.46,5.47,5.48,1751,3780,766,1463,1291,5.43,5.42,5.41,5.4,5.39,1032,184,479,1508,904,1
2020-01-02 10:30:48,5.44,1052.000,571236.000,5.44,5.45,5.46,5.47,5.48,1759,3780,766,1463,1291,5.42,5.41,5.4,5.39,5.38,184,479,1508,904,1223,1
2020-01-02 10:30:51,5.42,44.000,23848.000,5.43,5.44,5.45,5.46,5.47,64,1759,3780,766,1463,5.42,5.41,5.4,5.39,5.38,140,479,1508,904,1223,0
2020-01-02 10:30:57,5.42,18.000,9756.000,5.43,5.44,5.45,5.46,5.47,64,1759,3780,766,1463,5.42,5.41,5.4,5.39,5.38,122,479,1508,904,1223,0
2020-01-02 10:31:27,5.42,100.000,54200.000,5.43,5.44,5.45,5.46,5.47,13,1817,3598,766,1463,5.42,5.41,5.4,5.39,5.38,59,497,1568,904,1223,0
2020-01-02 10:31:30,5.43,2.000,1088.000,5.43,5.44,5.45,5.46,5.47,11,1817,3598,766,1463,5.42,5.41,5.4,5.39,5.38,59,497,1568,904,1223,1
2020-01-02 10:31:33,5.43,11.000,5972.000,5.44,5.45,5.46,5.47,5.48,1817,3598,766,1463,1291,5.43,5.42,5.41,5.4,5.39,48,75,497,1568,904,1
2020-01-02 10:31:45,5.43,10.000,5430.000,5.44,5.45,5.46,5.47,5.48,1819,3598,766,1463,1291,5.43,5.42,5.41,5.4,5.39,38,75,499,1638,904,0
2020-01-02 10:31:48,5.43,20.000,10860.000,5.44,5.45,5.46,5.47,5.48,1829,3598,766,1463,1291,5.43,5.42,5.41,5.4,5.39,18,75,499,1638,904,0
2020-01-02 10:31:54,5.44,27.000,14670.000,5.44,5.45,5.46,5.47,5.48,1839,3598,766,1463,1291,5.43,5.42,5.41,5.4,5.39,3,74,499,1638,904,1
2020-01-02 10:31:57,5.43,3.000,1630.000,5.43,5.44,5.45,5.46,5.47,13,1841,3598,766,1463,5.42,5.41,5.4,5.39,5.38,74,499,1638,904,1223,0
2020-01-02 10:32:00,5.43,8.000,4344.000,5.43,5.44,5.45,5.46,5.47,5,1839,3598,766,1463,5.42,5.41,5.4,5.39,5.38,74,499,1638,904,1223,1
2020-01-02 10:32:06,5.44,20.000,10874.000,5.43,5.44,5.45,5.46,5.47,2,1887,3598,766,1463,5.42,5.41,5.4,5.39,5.38,76,499,1638,904,1223,1
2020-01-02 10:32:09,5.43,2.000,1088.000,5.44,5.45,5.46,5.47,5.48,1887,3598,766,1463,1291,5.42,5.41,5.4,5.39,5.38,74,499,1638,904,1223,0
2020-01-02 10:32:18,5.44,24.000,13050.000,5.44,5.45,5.46,5.47,5.48,1821,3598,766,1463,1291,5.42,5.41,5.4,5.39,5.38,79,499,1638,904,1223,1
2020-01-02 10:32:24,5.44,6.000,3258.000,5.44,5.45,5.46,5.47,5.48,1820,3598,766,1463,1291,5.42,5.41,5.4,5.39,5.38,374,498,1638,904,1223,1
2020-01-02 10:32:51,5.43,1.000,544.000,5.44,5.45,5.46,5.47,5.48,1870,3608,758,1463,1291,5.43,5.42,5.41,5.4,5.39,49,376,498,1638,904,0
2020-01-02 10:33:03,5.43,102.000,55388.000,5.43,5.44,5.45,5.46,5.47,39,1769,3618,758,1463,5.42,5.41,5.4,5.39,5.38,464,498,1638,904,1223,0
2020-01-02 10:33:06,5.43,39.000,21176.000,5.44,5.45,5.46,5.47,5.48,1769,3618,758,1463,1291,5.43,5.42,5.41,5.4,5.39,14,469,498,1638,904,1
2020-01-02 10:33:09,5.42,30.000,16278.000,5.44,5.45,5.46,5.47,5.48,1767,3618,758,1463,1291,5.42,5.41,5.4,5.39,5.38,455,498,1638,904,1223,0
2020-01-02 10:33:18,5.43,2.000,1086.000,5.43,5.44,5.45,5.46,5.47,14,1767,3618,758,1473,5.42,5.41,5.4,5.39,5.38,455,498,1638,904,1223,1
2020-01-02 10:33:33,5.43,18.000,9774.000,5.44,5.45,5.46,5.47,5.48,1765,3618,758,1473,1291,5.43,5.42,5.41,5.4,5.39,16,623,498,1648,904,1
2020-01-02 10:33:42,5.43,2.000,1086.000,5.44,5.45,5.46,5.47,5.48,1777,3618,758,1473,1291,5.43,5.42,5.41,5.4,5.39,24,622,498,1648,904,0
2020-01-02 10:33:45,5.44,22.000,11968.000,5.44,5.45,5.46,5.47,5.48,1755,3618,758,1473,1291,5.43,5.42,5.41,5.4,5.39,24,622,498,1648,904,1
2020-01-02 10:34:03,5.43,2.000,1086.000,5.44,5.45,5.46,5.47,5.48,1756,3818,758,1493,1291,5.43,5.42,5.41,5.4,5.39,10,610,498,1648,904,0
2020-01-02 10:34:15,5.44,4.000,2176.000,5.44,5.45,5.46,5.47,5.48,1775,3848,758,1493,1291,5.43,5.42,5.41,5.4,5.39,9,603,498,561,904,1
2020-01-02 10:34:21,5.44,71.000,38624.000,5.44,5.45,5.46,5.47,5.48,1704,3848,758,1493,1261,5.43,5.42,5.41,5.4,5.39,127,698,498,561,904,1
2020-01-02 10:34:24,5.44,5.000,2720.000,5.44,5.45,5.46,5.47,5.48,1680,3848,758,1483,1261,5.43,5.42,5.41,5.4,5.39,127,698,498,561,904,1
2020-01-02 10:34:30,5.44,2.000,1088.000,5.44,5.45,5.46,5.47,5.48,1704,3863,758,1483,1261,5.43,5.42,5.41,5.4,5.39,127,696,498,561,904,1
2020-01-02 10:34:33,5.44,17.000,9248.000,5.44,5.45,5.46,5.47,5.48,1687,3843,758,1483,1261,5.43,5.42,5.41,5.4,5.39,127,696,498,561,904,1
2020-01-02 10:34:39,5.44,8.000,4352.000,5.44,5.45,5.46,5.47,5.48,1679,3843,758,1483,1271,5.43,5.42,5.41,5.4,5.39,127,657,498,561,904,1
2020-01-02 10:34:51,5.43,10.000,5430.000,5.44,5.45,5.46,5.47,5.48,1743,3843,758,1483,1271,5.43,5.42,5.41,5.4,5.39,156,657,464,561,904,0
2020-01-02 10:34:57,5.44,97.000,52768.000,5.44,5.45,5.46,5.47,5.48,1646,3843,758,1483,1271,5.43,5.42,5.41,5.4,5.39,156,657,464,561,904,1
2020-01-02 10:35:03,5.44,24.000,13056.000,5.44,5.45,5.46,5.47,5.48,1623,3843,758,1513,1271,5.43,5.42,5.41,5.4,5.39,171,657,464,561,904,1
2020-01-02 10:35:06,5.44,305.000,165820.000,5.44,5.45,5.46,5.47,5.48,1418,3843,758,1513,1271,5.43,5.42,5.41,5.4,5.39,72,691,464,561,904,1
2020-01-02 10:35:10,5.44,12.000,6528.000,5.44,5.45,5.46,5.47,5.48,1426,3843,758,1513,1271,5.43,5.42,5.41,5.4,5.39,65,691,464,561,904,1
2020-01-02 10:35:12,5.44,16.000,8704.000,5.44,5.45,5.46,5.47,5.48,1410,3843,758,1513,1271,5.43,5.42,5.41,5.4,5.39,96,691,464,561,904,1
2020-01-02 10:35:15,5.44,93.000,50504.000,5.44,5.45,5.46,5.47,5.48,1402,3843,758,1513,1271,5.43,5.42,5.41,5.4,5.39,80,691,464,561,904,1
2020-01-02 10:35:19,5.44,5.000,2720.000,5.44,5.45,5.46,5.47,5.48,1395,3843,758,1513,1271,5.43,5.42,5.41,5.4,5.39,80,691,464,561,904,1
2020-01-02 10:35:21,5.44,4.000,2176.000,5.44,5.45,5.46,5.47,5.48,1391,3843,758,1513,1271,5.43,5.42,5.41,5.4,5.39,80,691,464,561,904,1
2020-01-02 10:35:24,5.44,3.000,1632.000,5.44,5.45,5.46,5.47,5.48,1388,3843,758,1513,1271,5.43,5.42,5.41,5.4,5.39,81,691,464,561,904,1
2020-01-02 10:35:30,5.44,3.000,1632.000,5.44,5.45,5.46,5.47,5.48,1392,3843,758,1513,1271,5.43,5.42,5.41,5.4,5.39,391,691,464,561,904,1
2020-01-02 10:35:40,5.44,14.000,7616.000,5.44,5.45,5.46,5.47,5.48,1378,3843,758,1513,1271,5.43,5.42,5.41,5.4,5.39,401,691,464,561,904,1
2020-01-02 10:35:42,5.44,13.000,7072.000,5.44,5.45,5.46,5.47,5.48,1212,3843,758,1513,1271,5.43,5.42,5.41,5.4,5.39,409,691,464,561,904,1
2020-01-02 10:35:54,5.44,7.000,3808.000,5.44,5.45,5.46,5.47,5.48,1269,3843,758,1513,1271,5.43,5.42,5.41,5.4,5.39,408,691,464,561,904,1
2020-01-02 10:35:57,5.44,5.000,2720.000,5.44,5.45,5.46,5.47,5.48,1264,3843,758,1513,1271,5.43,5.42,5.41,5.4,5.39,411,691,464,561,904,1
2020-01-02 10:36:06,5.44,11.000,5984.000,5.44,5.45,5.46,5.47,5.48,1226,3843,758,1513,1271,5.43,5.42,5.41,5.4,5.39,611,691,464,561,904,1
2020-01-02 10:36:18,5.44,7.000,3808.000,5.44,5.45,5.46,5.47,5.48,1231,3858,753,1513,1271,5.43,5.42,5.41,5.4,5.39,617,691,483,561,904,1
2020-01-02 10:36:33,5.44,6.000,3264.000,5.44,5.45,5.46,5.47,5.48,1260,3858,754,1513,1271,5.43,5.42,5.41,5.4,5.39,617,1691,483,561,904,1
