Time,Price,Volume,Amount,SP1,SP2,SP3,SP4,SP5,SV1,SV2,SV3,SV4,SV5,BP1,BP2,BP3,BP4,BP5,BV1,BV2,BV3,BV4,BV5,isBuy
2020-01-02 09:15:09,16.64,0.000,0.000,16.64,0,0,0,0,2277,82,0,0,0,16.64,0,0,0,0,2277,0,0,0,0,1
2020-01-02 09:15:18,16.65,0.000,0.000,16.65,0,0,0,0,2477,26,0,0,0,16.65,0,0,0,0,2477,0,0,0,0,1
2020-01-02 09:15:27,16.65,0.000,0.000,16.65,0,0,0,0,2483,20,0,0,0,16.65,0,0,0,0,2483,0,0,0,0,1
2020-01-02 09:15:36,16.65,0.000,0.000,16.65,0,0,0,0,2727,176,0,0,0,16.65,0,0,0,0,2727,0,0,0,0,1
2020-01-02 09:15:45,16.65,0.000,0.000,16.65,0,0,0,0,2773,135,0,0,0,16.65,0,0,0,0,2773,0,0,0,0,1
2020-01-02 09:15:54,16.6,0.000,0.000,16.6,0,0,0,0,3031,68,0,0,0,16.6,0,0,0,0,3031,0,0,0,0,0
2020-01-02 09:16:03,16.6,0.000,0.000,16.6,0,0,0,0,3031,168,0,0,0,16.6,0,0,0,0,3031,0,0,0,0,1
2020-01-02 09:16:12,16.6,0.000,0.000,16.6,0,0,0,0,3048,152,0,0,0,16.6,0,0,0,0,3048,0,0,0,0,1
2020-01-02 09:16:21,16.6,0.000,0.000,16.6,0,0,0,0,3049,175,0,0,0,16.6,0,0,0,0,3049,0,0,0,0,1
2020-01-02 09:16:30,16.6,0.000,0.000,16.6,0,0,0,0,3067,182,0,0,0,16.6,0,0,0,0,3067,0,0,0,0,1
2020-01-02 09:16:39,16.6,0.000,0.000,16.6,0,0,0,0,2902,356,0,0,0,16.6,0,0,0,0,2902,0,0,0,0,1
2020-01-02 09:16:48,16.55,0.000,0.000,16.55,0,0,0,0,3260,5,0,0,0,16.55,0,0,0,0,3260,0,0,0,0,0
2020-01-02 09:16:57,16.55,0.000,0.000,16.55,0,0,0,0,3268,0,0,0,0,16.55,0,0,0,0,3268,145,0,0,0,1
2020-01-02 09:17:06,16.56,0.000,0.000,16.56,0,0,0,0,3287,172,0,0,0,16.56,0,0,0,0,3287,0,0,0,0,1
2020-01-02 09:17:15,16.55,0.000,0.000,16.55,0,0,0,0,3319,0,0,0,0,16.55,0,0,0,0,3319,293,0,0,0,0
2020-01-02 09:17:24,16.56,0.000,0.000,16.56,0,0,0,0,3468,29,0,0,0,16.56,0,0,0,0,3468,0,0,0,0,1
2020-01-02 09:17:33,16.56,0.000,0.000,16.56,0,0,0,0,3498,0,0,0,0,16.56,0,0,0,0,3498,70,0,0,0,1
2020-01-02 09:17:42,16.56,0.000,0.000,16.56,0,0,0,0,3604,54,0,0,0,16.56,0,0,0,0,3604,0,0,0,0,1
2020-01-02 09:17:51,16.56,0.000,0.000,16.56,0,0,0,0,3663,0,0,0,0,16.56,0,0,0,0,3663,1567,0,0,0,1
2020-01-02 09:18:00,16.55,0.000,0.000,16.55,0,0,0,0,4369,0,0,0,0,16.55,0,0,0,0,4369,159,0,0,0,0
2020-01-02 09:18:09,16.55,0.000,0.000,16.55,0,0,0,0,4269,0,0,0,0,16.55,0,0,0,0,4269,313,0,0,0,1
2020-01-02 09:18:18,16.55,0.000,0.000,16.55,0,0,0,0,4169,0,0,0,0,16.55,0,0,0,0,4169,535,0,0,0,1
2020-01-02 09:18:27,16.56,0.000,0.000,16.56,0,0,0,0,4081,146,0,0,0,16.56,0,0,0,0,4081,0,0,0,0,1
2020-01-02 09:18:36,16.56,0.000,0.000,16.56,0,0,0,0,4048,0,0,0,0,16.56,0,0,0,0,4048,47,0,0,0,1
2020-01-02 09:18:45,16.56,0.000,0.000,16.56,0,0,0,0,4048,0,0,0,0,16.56,0,0,0,0,4048,257,0,0,0,1
2020-01-02 09:18:54,16.56,0.000,0.000,16.56,0,0,0,0,4359,0,0,0,0,16.56,0,0,0,0,4359,130,0,0,0,1
2020-01-02 09:19:03,16.56,0.000,0.000,16.56,0,0,0,0,4358,0,0,0,0,16.56,0,0,0,0,4358,159,0,0,0,1
2020-01-02 09:19:12,16.55,0.000,0.000,16.55,0,0,0,0,4661,0,0,0,0,16.55,0,0,0,0,4661,608,0,0,0,0
2020-01-02 09:19:21,16.56,0.000,0.000,16.56,0,0,0,0,4852,0,0,0,0,16.56,0,0,0,0,4852,171,0,0,0,1
2020-01-02 09:19:30,16.56,0.000,0.000,16.56,0,0,0,0,5082,0,0,0,0,16.56,0,0,0,0,5082,93,0,0,0,1
2020-01-02 09:19:39,16.56,0.000,0.000,16.56,0,0,0,0,5081,0,0,0,0,16.56,0,0,0,0,5081,305,0,0,0,1
2020-01-02 09:19:48,16.56,0.000,0.000,16.56,0,0,0,0,5087,0,0,0,0,16.56,0,0,0,0,5087,406,0,0,0,1
2020-01-02 09:19:57,16.57,0.000,0.000,16.57,0,0,0,0,5207,0,0,0,0,16.57,0,0,0,0,5207,393,0,0,0,1
2020-01-02 09:20:01,16.57,0.000,0.000,16.57,0,0,0,0,5236,0,0,0,0,16.57,0,0,0,0,5236,427,0,0,0,1
2020-01-02 09:20:09,16.57,0.000,0.000,16.57,0,0,0,0,5454,0,0,0,0,16.57,0,0,0,0,5454,256,0,0,0,1
2020-01-02 09:20:19,16.57,0.000,0.000,16.57,0,0,0,0,5536,0,0,0,0,16.57,0,0,0,0,5536,247,0,0,0,1
2020-01-02 09:20:28,16.6,0.000,0.000,16.6,0,0,0,0,7000,0,0,0,0,16.6,0,0,0,0,7000,912,0,0,0,1
2020-01-02 09:20:37,16.6,0.000,0.000,16.6,0,0,0,0,7015,0,0,0,0,16.6,0,0,0,0,7015,1001,0,0,0,1
2020-01-02 09:20:46,16.6,0.000,0.000,16.6,0,0,0,0,7876,0,0,0,0,16.6,0,0,0,0,7876,260,0,0,0,1
2020-01-02 09:20:54,16.6,0.000,0.000,16.6,0,0,0,0,8131,0,0,0,0,16.6,0,0,0,0,8131,923,0,0,0,1
2020-01-02 09:21:03,16.6,0.000,0.000,16.6,0,0,0,0,8147,0,0,0,0,16.6,0,0,0,0,8147,1038,0,0,0,1
2020-01-02 09:21:12,16.6,0.000,0.000,16.6,0,0,0,0,8150,0,0,0,0,16.6,0,0,0,0,8150,1207,0,0,0,1
2020-01-02 09:21:22,16.6,0.000,0.000,16.6,0,0,0,0,8157,0,0,0,0,16.6,0,0,0,0,8157,1885,0,0,0,1
2020-01-02 09:21:31,16.6,0.000,0.000,16.6,0,0,0,0,8158,0,0,0,0,16.6,0,0,0,0,8158,2059,0,0,0,1
2020-01-02 09:21:39,16.6,0.000,0.000,16.6,0,0,0,0,8166,0,0,0,0,16.6,0,0,0,0,8166,2498,0,0,0,1
2020-01-02 09:21:48,16.6,0.000,0.000,16.6,0,0,0,0,8255,0,0,0,0,16.6,0,0,0,0,8255,3214,0,0,0,1
2020-01-02 09:21:57,16.6,0.000,0.000,16.6,0,0,0,0,8562,0,0,0,0,16.6,0,0,0,0,8562,3181,0,0,0,1
2020-01-02 09:22:06,16.6,0.000,0.000,16.6,0,0,0,0,8788,0,0,0,0,16.6,0,0,0,0,8788,3223,0,0,0,1
2020-01-02 09:22:15,16.6,0.000,0.000,16.6,0,0,0,0,8790,0,0,0,0,16.6,0,0,0,0,8790,3883,0,0,0,1
2020-01-02 09:22:24,16.6,0.000,0.000,16.6,0,0,0,0,9028,0,0,0,0,16.6,0,0,0,0,9028,3751,0,0,0,1
2020-01-02 09:22:33,16.6,0.000,0.000,16.6,0,0,0,0,9113,0,0,0,0,16.6,0,0,0,0,9113,4040,0,0,0,1
2020-01-02 09:22:42,16.6,0.000,0.000,16.6,0,0,0,0,11043,0,0,0,0,16.6,0,0,0,0,11043,5373,0,0,0,1
2020-01-02 09:22:51,16.61,0.000,0.000,16.61,0,0,0,0,11509,201,0,0,0,16.61,0,0,0,0,11509,0,0,0,0,1
2020-01-02 09:23:00,16.61,0.000,0.000,16.61,0,0,0,0,11990,0,0,0,0,16.61,0,0,0,0,11990,31,0,0,0,1
2020-01-02 09:23:09,16.61,0.000,0.000,16.61,0,0,0,0,12063,0,0,0,0,16.61,0,0,0,0,12063,222,0,0,0,1
2020-01-02 09:23:18,16.63,0.000,0.000,16.63,0,0,0,0,12992,0,0,0,0,16.63,0,0,0,0,12992,1655,0,0,0,1
2020-01-02 09:23:27,16.63,0.000,0.000,16.63,0,0,0,0,13692,0,0,0,0,16.63,0,0,0,0,13692,1067,0,0,0,1
2020-01-02 09:23:36,16.63,0.000,0.000,16.63,0,0,0,0,13805,0,0,0,0,16.63,0,0,0,0,13805,1558,0,0,0,1
2020-01-02 09:23:45,16.63,0.000,0.000,16.63,0,0,0,0,13836,0,0,0,0,16.63,0,0,0,0,13836,2022,0,0,0,1
2020-01-02 09:23:55,16.63,0.000,0.000,16.63,0,0,0,0,13873,0,0,0,0,16.63,0,0,0,0,13873,2621,0,0,0,1
2020-01-02 09:24:03,16.63,0.000,0.000,16.63,0,0,0,0,13964,0,0,0,0,16.63,0,0,0,0,13964,3249,0,0,0,1
2020-01-02 09:24:13,16.63,0.000,0.000,16.63,0,0,0,0,14259,0,0,0,0,16.63,0,0,0,0,14259,4769,0,0,0,1
2020-01-02 09:24:21,16.63,0.000,0.000,16.63,0,0,0,0,14839,0,0,0,0,16.63,0,0,0,0,14839,5270,0,0,0,1
2020-01-02 09:24:31,16.63,0.000,0.000,16.63,0,0,0,0,14898,0,0,0,0,16.63,0,0,0,0,14898,5929,0,0,0,1
2020-01-02 09:24:40,16.63,0.000,0.000,16.63,0,0,0,0,17585,0,0,0,0,16.63,0,0,0,0,17585,4027,0,0,0,1
2020-01-02 09:24:49,16.63,0.000,0.000,16.63,0,0,0,0,18340,0,0,0,0,16.63,0,0,0,0,18340,4394,0,0,0,1
2020-01-02 09:24:57,16.63,0.000,0.000,16.63,0,0,0,0,19678,0,0,0,0,16.63,0,0,0,0,19678,6778,0,0,0,1
2020-01-02 09:25:04,16.65,22667.000,37739970.000,16.66,16.67,16.68,16.69,16.7,401,120,794,777,616,16.65,16.64,16.63,16.62,16.61,2901,622,7251,582,1840,1
2020-01-02 09:30:00,16.66,1366.000,2275196.000,16.67,16.68,16.69,16.7,16.71,10,790,777,616,394,16.66,16.65,16.64,16.63,16.62,30,33,622,7258,582,1
2020-01-02 09:30:03,16.67,17481.000,29160420.000,16.67,16.68,16.7,16.72,16.73,130,5,53,20,530,16.66,16.65,16.64,16.63,16.62,8822,1352,1409,3235,590,1
2020-01-02 09:30:06,16.66,6933.000,11557140.000,16.68,16.69,16.7,16.71,16.72,4,11,33,93,22,16.67,16.66,16.65,16.64,16.63,22,10099,2162,1420,3258,0
2020-01-02 09:30:09,16.66,0.000,0.000,16.68,16.69,16.7,16.71,16.72,4,11,33,93,22,16.67,16.66,16.65,16.64,16.63,22,10099,2162,1420,3258,0
2020-01-02 09:30:09,16.69,1577.000,2630968.000,16.7,16.71,16.72,16.73,16.74,11,213,72,628,502,16.69,16.68,16.67,16.66,16.65,41,41,142,12416,2845,1
2020-01-02 09:30:12,16.66,3749.000,6247248.000,16.69,16.7,16.71,16.72,16.73,9,23,213,176,676,16.66,16.65,16.64,16.63,16.62,9978,2970,1414,3225,690,0
2020-01-02 09:30:15,16.7,399.000,666416.000,16.71,16.72,16.73,16.74,16.75,58,176,678,502,1318,16.7,16.69,16.68,16.67,16.66,3903,39,22,29,10071,1
2020-01-02 09:30:17,16.7,0.000,0.000,16.71,16.72,16.73,16.74,16.75,58,176,678,502,1318,16.7,16.69,16.68,16.67,16.66,3903,39,22,29,10071,0
2020-01-02 09:30:18,16.72,364.000,607968.000,16.72,16.73,16.74,16.75,16.76,236,678,502,1318,453,16.71,16.7,16.69,16.68,16.67,23,3798,139,253,172,1
2020-01-02 09:30:21,16.7,420.000,701824.000,16.72,16.73,16.74,16.75,16.76,172,678,603,1318,454,16.7,16.69,16.68,16.67,16.66,3826,222,253,168,10128,0
2020-01-02 09:30:24,16.71,1074.000,1794480.000,16.71,16.72,16.73,16.74,16.75,128,135,678,603,1318,16.7,16.69,16.68,16.67,16.66,3587,160,252,178,10108,1
2020-01-02 09:30:27,16.7,2340.000,3909216.000,16.73,16.74,16.75,16.76,16.77,726,612,1328,610,786,16.71,16.7,16.69,16.68,16.67,2,989,106,255,185,0
2020-01-02 09:30:30,16.71,1902.000,3177600.000,16.72,16.73,16.74,16.75,16.76,29,611,642,1378,610,16.71,16.7,16.69,16.68,16.67,21,20,39,255,188,1
2020-01-02 09:30:33,16.7,3787.000,6320544.000,16.7,16.71,16.72,16.73,16.74,521,99,132,658,647,16.68,16.67,16.66,16.65,16.64,31,181,9704,2723,398,0
2020-01-02 09:30:36,16.74,2692.000,4499536.000,16.72,16.73,16.74,16.75,16.76,2,5,605,1382,610,16.7,16.67,16.66,16.65,16.64,115,172,9617,2705,392,1
2020-01-02 09:30:39,16.71,969.000,1619216.000,16.72,16.73,16.74,16.75,16.76,113,44,711,1389,610,16.71,16.7,16.68,16.67,16.66,7,175,25,202,9601,0
2020-01-02 09:30:42,16.7,584.000,975632.000,16.7,16.71,16.72,16.73,16.74,274,4571,288,485,883,16.69,16.68,16.67,16.66,16.65,5,25,216,9226,2684,0
2020-01-02 09:30:45,16.7,1323.000,2209840.000,16.7,16.71,16.72,16.73,16.74,18,6165,345,844,896,16.69,16.67,16.66,16.65,16.64,39,213,9206,2580,392,1
2020-01-02 09:30:48,16.7,3208.000,5346584.000,16.7,16.71,16.72,16.73,16.74,112,6075,528,853,1021,16.67,16.66,16.65,16.64,16.63,1001,6476,2557,412,2606,1
2020-01-02 09:30:51,16.71,1404.000,2345096.000,16.71,16.72,16.73,16.74,16.75,5475,538,863,981,2002,16.67,16.66,16.65,16.64,16.63,956,6336,2534,402,2605,1
2020-01-02 09:30:54,16.7,4301.000,7171088.000,16.7,16.71,16.72,16.73,16.74,74,4100,457,863,1056,16.68,16.67,16.66,16.65,16.64,20,232,4374,2534,401,0
2020-01-02 09:30:57,16.7,5880.000,9825664.000,16.73,16.74,16.75,16.76,16.77,533,1089,2017,1800,821,16.7,16.68,16.67,16.66,16.65,32,240,396,4409,2641,1
2020-01-02 09:31:00,16.7,617.000,1029824.000,16.7,16.71,16.72,16.73,16.74,262,430,30,533,1142,16.69,16.68,16.67,16.66,16.65,12,144,446,4389,2639,0
2020-01-02 09:31:03,16.7,5186.000,8646688.000,16.69,16.73,16.74,16.75,16.76,1,750,1176,2019,1800,16.67,16.66,16.65,16.64,16.63,69,1315,2623,401,2486,1
2020-01-02 09:31:06,16.7,1548.000,2586784.000,16.7,16.71,16.73,16.74,16.75,393,35,359,1200,2029,16.69,16.67,16.66,16.65,16.64,98,283,1315,2632,386,1
2020-01-02 09:31:09,16.71,2921.000,4869536.000,16.71,16.72,16.73,16.74,16.75,1,285,802,1202,2029,16.7,16.69,16.67,16.65,16.64,1071,20,8,1963,386,1
2020-01-02 09:31:12,16.67,3559.000,5938080.000,16.67,16.69,16.7,16.71,16.72,78,8092,17,5,327,16.66,16.65,16.64,16.63,16.62,247,1963,391,2481,654,0
2020-01-02 09:31:15,16.69,771.000,1286496.000,16.69,16.7,16.71,16.72,16.73,7603,616,125,387,814,16.67,16.66,16.65,16.64,16.63,132,257,1957,367,2481,1
2020-01-02 09:31:18,16.67,629.000,1049008.000,16.67,16.69,16.7,16.71,16.72,37,7386,707,177,410,16.66,16.65,16.64,16.63,16.62,182,1957,367,2343,454,0
2020-01-02 09:31:21,16.69,1307.000,2178544.000,16.69,16.7,16.71,16.72,16.73,7123,701,291,425,875,16.67,16.65,16.64,16.63,16.62,30,1693,367,2343,454,1
2020-01-02 09:31:24,16.69,1633.000,2722384.000,16.69,16.7,16.71,16.72,16.73,6764,741,317,429,944,16.65,16.64,16.63,16.62,16.61,1515,367,2343,454,1926,1
2020-01-02 09:31:27,16.69,7976.000,13313340.000,16.7,16.72,16.73,16.74,16.75,5,455,944,1304,1900,16.69,16.68,16.67,16.66,16.65,186,19,161,557,1530,1
2020-01-02 09:31:30,16.72,1219.000,2036608.000,16.73,16.74,16.75,16.76,16.77,949,1489,1890,1818,1064,16.72,16.7,16.69,16.68,16.67,499,71,87,8,226,1
2020-01-02 09:31:33,16.7,4493.000,7512400.000,16.74,16.75,16.76,16.77,16.78,693,1912,1818,1064,1300,16.7,16.69,16.68,16.67,16.66,2729,151,80,243,319,0
2020-01-02 09:31:36,16.74,3067.000,5132512.000,16.74,16.75,16.76,16.77,16.78,50,763,1818,1064,1300,16.73,16.71,16.7,16.69,16.68,497,2,4252,166,80,1
2020-01-02 09:31:39,16.75,3828.000,6413600.000,16.77,16.78,16.79,16.8,16.81,737,1295,858,2561,222,16.75,16.74,16.73,16.72,16.71,402,470,451,38,2,1
2020-01-02 09:31:42,16.78,6655.000,11174180.000,16.83,16.84,16.85,16.86,16.87,358,232,1942,473,341,16.78,16.77,16.75,16.74,16.73,442,543,15,1492,480,1
2020-01-02 09:31:45,16.86,3547.000,5971600.000,16.86,16.87,16.88,16.89,16.9,553,341,1471,1368,1891,16.81,16.79,16.77,16.76,16.75,351,9,350,63,4,1
2020-01-02 09:31:48,16.82,5298.000,8879264.000,16.82,16.83,16.86,16.87,16.88,52,200,108,340,1489,16.78,16.77,16.74,16.73,16.72,20,145,6,178,13,0
2020-01-02 09:31:51,16.85,1006.000,1694272.000,16.8,16.81,16.85,16.86,16.87,5,50,335,54,394,16.79,16.78,16.77,16.74,16.73,3,30,39,6,176,1
2020-01-02 09:31:54,16.8,709.000,1191024.000,16.8,16.83,16.85,16.86,16.87,1157,20,174,57,434,16.79,16.77,16.75,16.74,16.73,1,11,4,30,378,0
2020-01-02 09:31:57,16.83,1983.000,3334080.000,16.85,16.86,16.87,16.88,16.89,45,513,439,1535,1437,16.83,16.82,16.81,16.8,16.79,70,57,5,1739,234,1
2020-01-02 09:32:00,16.83,1308.000,2203376.000,16.85,16.86,16.87,16.88,16.89,35,96,580,1573,1425,16.83,16.82,16.8,16.79,16.78,35,13,3556,245,10,0
2020-01-02 09:32:03,16.83,3730.000,6268288.000,16.83,16.85,16.86,16.87,16.88,620,460,5,607,1573,16.8,16.79,16.78,16.77,16.75,2553,241,10,69,3,0
2020-01-02 09:32:06,16.84,1085.000,1826080.000,16.84,16.85,16.86,16.87,16.88,67,563,68,682,1573,16.83,16.82,16.81,16.8,16.79,112,30,198,2764,251,1
2020-01-02 09:32:09,16.8,846.000,1423344.000,16.83,16.84,16.85,16.86,16.87,392,37,643,193,694,16.8,16.79,16.78,16.77,16.75,2858,251,10,127,53,0
2020-01-02 09:32:12,16.8,3263.000,5489456.000,16.83,16.84,16.85,16.86,16.87,788,219,598,224,805,16.8,16.79,16.78,16.77,16.75,2629,241,10,186,2053,0
2020-01-02 09:32:15,16.83,3045.000,5122672.000,16.84,16.85,16.86,16.87,16.88,1693,1304,243,845,1609,16.83,16.8,16.79,16.78,16.77,113,2007,241,10,127,1
2020-01-02 09:32:18,16.8,7527.000,12652850.000,16.83,16.84,16.85,16.86,16.87,13,225,1313,264,955,16.8,16.79,16.78,16.77,16.75,327,175,10,127,2053,0
2020-01-02 09:32:21,16.83,1056.000,1776608.000,16.83,16.84,16.85,16.86,16.87,4982,775,1517,269,999,16.79,16.78,16.77,16.75,16.74,175,16,127,2055,40,1
2020-01-02 09:32:24,16.8,4815.000,8096032.000,16.8,16.82,16.83,16.84,16.85,346,83,2079,805,1644,16.75,16.74,16.73,16.72,16.71,1653,40,41,20,53,0
2020-01-02 09:32:27,16.82,1261.000,2118848.000,16.82,16.83,16.84,16.85,16.86,17,2485,819,1700,280,16.81,16.8,16.78,16.77,16.75,216,88,152,3,1877,1
2020-01-02 09:32:30,16.74,4247.000,7120096.000,16.77,16.8,16.82,16.83,16.84,200,524,126,1904,877,16.74,16.7,16.69,16.68,16.67,50,4601,177,383,256,0
2020-01-02 09:32:33,16.8,1106.000,1855584.000,16.8,16.81,16.82,16.83,16.84,459,34,1896,1904,893,16.77,16.75,16.74,16.72,16.7,21,72,5,1,4638,1
2020-01-02 09:32:36,16.74,6090.000,10182460.000,16.8,16.81,16.82,16.83,16.84,294,1064,1964,1924,867,16.72,16.71,16.7,16.69,16.68,32,547,442,177,393,0
2020-01-02 09:32:39,16.77,238.000,399040.000,16.78,16.79,16.8,16.81,16.82,143,559,623,1183,2257,16.77,16.74,16.73,16.72,16.71,505,25,8,25,574,1
2020-01-02 09:32:42,16.78,6583.000,11008380.000,16.77,16.78,16.79,16.8,16.81,110,40,332,700,1882,16.73,16.72,16.69,16.68,16.67,15,19,177,323,229,1
2020-01-02 09:32:45,16.8,2443.000,4100032.000,16.81,16.82,16.83,16.84,16.85,1857,2299,2179,869,1947,16.8,16.79,16.78,16.77,16.75,1753,2,16,23,10,1
2020-01-02 09:32:48,16.74,8292.000,13875300.000,16.74,16.77,16.78,16.79,16.8,3,177,212,37,206,16.69,16.68,16.67,16.66,16.65,167,323,229,195,1585,0
2020-01-02 09:32:51,16.78,323.000,541024.000,16.78,16.79,16.8,16.81,16.82,379,14,2882,1368,2166,16.77,16.75,16.73,16.72,16.71,468,5,151,12,322,1
2020-01-02 09:32:54,16.74,1631.000,2736480.000,16.74,16.76,16.78,16.79,16.8,158,3,2,6,3197,16.73,16.72,16.7,16.69,16.68,165,14,151,695,323,0
2020-01-02 09:32:57,16.77,1458.000,2447072.000,16.77,16.78,16.79,16.8,16.81,41,57,42,2505,1358,16.75,16.74,16.73,16.72,16.71,10,563,225,34,256,1
2020-01-02 09:33:00,16.77,1382.000,2313472.000,16.77,16.78,16.79,16.8,16.81,15,206,1015,3115,1355,16.76,16.75,16.74,16.72,16.71,208,200,211,45,50,1
2020-01-02 09:33:03,16.75,668.000,1120064.000,16.76,16.78,16.79,16.8,16.81,3,216,1056,3272,1463,16.75,16.74,16.73,16.72,16.71,874,344,20,45,56,0
2020-01-02 09:33:06,16.78,3232.000,5427520.000,16.79,16.8,16.81,16.82,16.83,69,1643,1463,717,2168,16.78,16.77,16.76,16.75,16.74,32,62,594,1461,385,1
2020-01-02 09:33:09,16.78,2503.000,4197248.000,16.78,16.79,16.8,16.81,16.82,173,231,1632,1463,717,16.76,16.75,16.74,16.73,16.72,7,866,367,20,52,0
2020-01-02 09:33:12,16.76,400.000,670912.000,16.77,16.78,16.79,16.8,16.81,83,189,266,1927,1483,16.76,16.75,16.74,16.73,16.72,68,866,371,20,52,0
2020-01-02 09:33:15,16.78,697.000,1168704.000,16.78,16.79,16.8,16.81,16.82,252,304,2031,1513,749,16.76,16.75,16.74,16.73,16.72,554,1282,371,20,52,1
2020-01-02 09:33:18,16.78,1008.000,1691520.000,16.79,16.8,16.81,16.82,16.83,266,2132,1542,751,2134,16.78,16.77,16.76,16.75,16.74,146,116,527,1289,371,1
2020-01-02 09:33:21,16.79,1327.000,2228192.000,16.79,16.8,16.81,16.82,16.83,9,2170,1542,751,2080,16.78,16.77,16.76,16.75,16.74,365,6,552,1082,291,1
2020-01-02 09:33:24,16.77,1040.000,1745792.000,16.78,16.79,16.8,16.81,16.82,10,115,2169,1542,781,16.77,16.76,16.75,16.74,16.73,114,553,1122,305,87,0
2020-01-02 09:33:27,16.78,480.000,805600.000,16.79,16.8,16.81,16.82,16.83,628,2135,1542,781,2101,16.78,16.77,16.76,16.75,16.74,87,657,584,1128,305,1
2020-01-02 09:33:30,16.78,1150.000,1929152.000,16.78,16.79,16.8,16.81,16.82,77,721,2762,1562,788,16.77,16.76,16.75,16.74,16.73,132,600,1158,370,92,0
2020-01-02 09:33:33,16.8,2926.000,4912224.000,16.78,16.79,16.8,16.81,16.82,307,3,1465,1542,788,16.77,16.76,16.75,16.74,16.73,221,645,1171,375,99,1
2020-01-02 09:33:36,16.79,1519.000,2548800.000,16.79,16.8,16.81,16.82,16.83,106,1496,1542,788,2049,16.78,16.77,16.76,16.75,16.74,1224,137,666,1183,377,0
2020-01-02 09:33:39,16.79,333.000,558944.000,16.79,16.8,16.81,16.82,16.83,206,1559,1542,788,2049,16.78,16.77,16.76,16.75,16.74,1565,197,712,1237,335,1
2020-01-02 09:33:42,16.78,915.000,1535904.000,16.79,16.8,16.81,16.82,16.83,20,1564,1522,818,2056,16.78,16.77,16.76,16.75,16.74,1310,235,732,1247,335,0
2020-01-02 09:33:45,16.8,3354.000,5631552.000,16.81,16.82,16.83,16.84,16.85,1580,818,2062,1946,2508,16.8,16.79,16.78,16.77,16.76,126,16,38,235,733,1
2020-01-02 09:33:48,16.79,775.000,1302240.000,16.81,16.82,16.83,16.84,16.85,1347,848,2070,1946,2525,16.79,16.78,16.77,16.76,16.75,393,104,235,786,1445,0
2020-01-02 09:33:51,16.79,1454.000,2442400.000,16.79,16.8,16.81,16.82,16.83,1,15,794,850,2070,16.78,16.77,16.76,16.75,16.74,204,220,787,1445,322,0
2020-01-02 09:33:54,16.81,2534.000,4258848.000,16.82,16.83,16.84,16.85,16.86,875,2070,1800,2606,939,16.81,16.8,16.79,16.78,16.77,65,1682,66,582,220,1
2020-01-02 09:33:57,16.8,1021.000,1716320.000,16.82,16.83,16.84,16.85,16.86,415,2070,1793,2644,939,16.8,16.79,16.78,16.77,16.76,1241,188,632,255,848,0
2020-01-02 09:34:00,16.82,1620.000,2723168.000,16.83,16.84,16.85,16.86,16.87,2076,1793,2689,939,1294,16.82,16.81,16.8,16.79,16.78,494,164,631,218,666,1
2020-01-02 09:34:03,16.8,3258.000,5480768.000,16.81,16.82,16.83,16.84,16.85,211,1012,200,1873,2710,16.8,16.79,16.78,16.77,16.76,938,241,668,255,810,0
2020-01-02 09:34:06,16.81,1326.000,2229760.000,16.82,16.83,16.84,16.85,16.86,306,224,1888,2710,1004,16.81,16.8,16.79,16.78,16.77,26,865,266,724,260,1
2020-01-02 09:34:09,16.82,907.000,1525248.000,16.82,16.83,16.84,16.85,16.86,993,254,1893,2710,1020,16.81,16.8,16.79,16.78,16.77,24,728,264,744,260,1
2020-01-02 09:34:12,16.81,1526.000,2566528.000,16.82,16.83,16.84,16.85,16.86,157,1174,1953,2687,1034,16.81,16.8,16.79,16.78,16.77,194,748,259,763,320,0
2020-01-02 09:34:15,16.81,784.000,1318080.000,16.81,16.82,16.83,16.84,16.85,193,183,1572,1995,2736,16.8,16.79,16.78,16.77,16.76,951,458,763,320,838,0
2020-01-02 09:34:18,16.81,1722.000,2894976.000,16.82,16.83,16.84,16.85,16.86,708,1579,2010,2778,1051,16.81,16.8,16.79,16.78,16.77,240,731,458,763,320,1
2020-01-02 09:34:21,16.82,1609.000,2705600.000,16.82,16.83,16.84,16.85,16.86,1814,1656,1984,2820,1151,16.81,16.8,16.79,16.78,16.77,65,766,458,783,320,1
2020-01-02 09:34:24,16.8,3866.000,6501216.000,16.81,16.82,16.83,16.84,16.85,243,1171,1422,2011,2835,16.8,16.79,16.78,16.77,16.76,218,458,788,320,939,0
2020-01-02 09:34:27,16.81,4094.000,6880064.000,16.81,16.82,16.83,16.84,16.85,1793,1316,1975,2014,2855,16.8,16.79,16.78,16.77,16.76,235,448,788,320,943,1
2020-01-02 09:34:30,16.8,1930.000,3243648.000,16.8,16.81,16.82,16.83,16.84,137,947,1432,1974,2014,16.79,16.78,16.77,16.76,16.75,428,788,317,943,329,0
2020-01-02 09:34:33,16.78,2984.000,5012992.000,16.82,16.83,16.84,16.85,16.86,1307,1969,2004,2891,1375,16.78,16.77,16.76,16.75,16.74,8,318,943,299,310,0
2020-01-02 09:34:36,16.8,1216.000,2044256.000,16.81,16.82,16.83,16.84,16.85,503,768,2129,2002,2891,16.78,16.77,16.76,16.75,16.74,0,318,973,299,310,1
2020-01-02 09:34:39,16.8,571.000,958656.000,16.8,16.81,16.82,16.83,16.84,5868,632,558,2129,2003,16.78,16.77,16.76,16.75,16.74,10,228,981,299,308,0
2020-01-02 09:34:42,16.77,1694.000,2845088.000,16.77,16.78,16.79,16.8,16.81,329,2,2,4696,341,16.76,16.75,16.74,16.73,16.72,981,249,310,145,152,0
2020-01-02 09:34:45,16.76,2896.000,4862912.000,16.8,16.81,16.82,16.83,16.84,3148,485,989,2117,2001,16.76,16.75,16.74,16.73,16.72,795,5249,310,145,152,0
2020-01-02 09:34:48,16.8,1653.000,2776096.000,16.8,16.81,16.82,16.83,16.84,1964,547,994,2117,1979,16.77,16.76,16.75,16.74,16.73,401,895,5249,310,145,1
2020-01-02 09:34:51,16.8,1819.000,3055744.000,16.8,16.81,16.82,16.83,16.84,376,582,1052,2117,1979,16.78,16.77,16.76,16.75,16.74,56,497,977,5277,310,1
2020-01-02 09:34:54,16.8,4408.000,7414144.000,16.83,16.84,16.85,16.86,16.87,615,1979,2785,1266,1483,16.8,16.78,16.77,16.76,16.75,1138,73,502,967,5287,1
2020-01-02 09:34:57,16.81,3000.000,5050432.000,16.82,16.83,16.84,16.85,16.86,577,6,309,2787,1271,16.81,16.8,16.79,16.78,16.77,50,752,9,86,509,1
2020-01-02 09:35:00,16.81,971.000,1633216.000,16.81,16.82,16.83,16.84,16.85,7,118,43,162,2747,16.8,16.79,16.78,16.77,16.76,2971,9,86,725,938,0
2020-01-02 09:35:03,16.81,1226.000,2062208.000,16.84,16.85,16.86,16.87,16.88,123,2747,1312,1553,3204,16.81,16.8,16.79,16.78,16.77,642,2976,9,86,742,1
2020-01-02 09:35:06,16.82,1429.000,2405632.000,16.85,16.86,16.87,16.88,16.89,2134,1312,1564,3194,1786,16.82,16.81,16.8,16.79,16.78,110,255,3951,9,91,1
2020-01-02 09:35:09,16.8,6383.000,10754370.000,16.82,16.83,16.84,16.85,16.87,300,54,46,44,416,16.81,16.8,16.79,16.78,16.77,20,3910,9,91,358,0
2020-01-02 09:35:12,16.84,883.000,1486336.000,16.85,16.86,16.87,16.88,16.89,610,74,426,3208,1800,16.84,16.83,16.82,16.81,16.8,3794,30,1101,274,3912,1
2020-01-02 09:35:15,16.85,1700.000,2864128.000,16.87,16.88,16.89,16.9,16.91,291,3238,1846,4294,454,16.85,16.84,16.83,16.82,16.81,509,3145,73,1071,219,1
2020-01-02 09:35:18,16.88,3742.000,6311616.000,16.87,16.88,16.89,16.9,16.91,40,1530,1976,4294,454,16.86,16.85,16.84,16.83,16.82,90,253,3086,78,1107,1
2020-01-02 09:35:21,16.85,604.000,1017728.000,16.85,16.86,16.87,16.88,16.89,330,31,56,2016,1976,16.84,16.83,16.82,16.81,16.8,2913,78,1100,260,3658,0
2020-01-02 09:35:24,16.88,4739.000,7997088.000,16.89,16.9,16.91,16.92,16.93,1996,4300,458,1244,972,16.88,16.87,16.85,16.84,16.83,481,23,1000,3162,45,1
2020-01-02 09:35:27,16.88,1195.000,2017536.000,16.88,16.89,16.9,16.91,16.92,218,1414,4323,480,1244,16.87,16.85,16.84,16.83,16.82,34,1144,2663,45,1083,0
2020-01-02 09:35:30,16.88,717.000,1210176.000,16.88,16.89,16.9,16.91,16.92,93,1242,4338,595,1244,16.87,16.85,16.84,16.83,16.82,392,1144,2663,45,1081,1
2020-01-02 09:35:33,16.88,1051.000,1773632.000,16.88,16.89,16.9,16.91,16.92,365,1280,4253,595,1244,16.87,16.85,16.84,16.83,16.82,114,1181,2661,45,1081,1
2020-01-02 09:35:36,16.9,5151.000,8698656.000,16.9,16.91,16.92,16.93,16.94,2694,595,1244,969,691,16.88,16.87,16.86,16.85,16.84,3229,168,5,1152,2661,1
2020-01-02 09:35:39,16.88,494.000,833856.000,16.89,16.9,16.91,16.92,16.93,36,3198,595,1248,989,16.88,16.87,16.86,16.85,16.84,2933,196,5,1152,2661,0
2020-01-02 09:35:42,16.9,570.000,962528.000,16.9,16.91,16.92,16.93,16.94,3155,621,1248,961,694,16.89,16.88,16.87,16.86,16.85,58,2819,216,6,1114,1
2020-01-02 09:35:45,16.88,1601.000,2704064.000,16.89,16.9,16.91,16.92,16.93,361,2681,621,1255,918,16.88,16.87,16.86,16.85,16.84,2201,188,6,1077,2656,0
2020-01-02 09:35:48,16.89,924.000,1560416.000,16.89,16.9,16.91,16.92,16.93,643,2822,621,1341,918,16.88,16.87,16.86,16.85,16.84,2016,188,6,638,2656,1
2020-01-02 09:35:51,16.89,2479.000,4185024.000,16.89,16.9,16.91,16.92,16.93,586,2812,621,1351,938,16.88,16.87,16.86,16.85,16.84,101,188,6,634,2656,1
2020-01-02 09:35:54,16.88,867.000,1463328.000,16.88,16.89,16.9,16.91,16.92,1168,1098,3211,626,1351,16.87,16.86,16.85,16.84,16.83,19,6,606,2656,12,0
2020-01-02 09:35:57,16.87,386.000,651488.000,16.87,16.88,16.89,16.9,16.91,120,1236,1420,3356,626,16.86,16.85,16.84,16.83,16.82,12,596,2656,12,37,0
2020-01-02 09:36:00,16.86,349.000,588576.000,16.87,16.88,16.89,16.9,16.91,51,719,1499,3428,647,16.86,16.85,16.84,16.83,16.82,185,521,2656,12,37,0
2020-01-02 09:36:03,16.86,913.000,1539552.000,16.86,16.87,16.88,16.89,16.9,1096,68,8783,1518,3542,16.85,16.84,16.83,16.82,16.81,510,2656,12,37,227,0
2020-01-02 09:36:06,16.88,2958.000,4990016.000,16.88,16.89,16.9,16.91,16.92,8166,1872,3717,1052,1366,16.87,16.86,16.85,16.84,16.83,16,1399,1059,2656,12,1
2020-01-02 09:36:09,16.86,3438.000,5795200.000,16.86,16.87,16.88,16.89,16.9,8,155,8344,1874,3742,16.84,16.83,16.82,16.81,16.8,2590,12,37,727,3553,0
2020-01-02 09:36:12,16.87,626.000,1055808.000,16.87,16.88,16.89,16.9,16.91,1298,8437,2416,4682,1063,16.86,16.85,16.84,16.83,16.82,153,498,2590,12,37,1
2020-01-02 09:36:15,16.86,2543.000,4289984.000,16.87,16.88,16.89,16.9,16.91,383,8545,2416,4252,1066,16.86,16.85,16.84,16.83,16.82,167,1119,2590,12,37,0
2020-01-02 09:36:18,16.86,2602.000,4388992.000,16.87,16.88,16.89,16.9,16.91,64,8335,2536,4501,1276,16.86,16.85,16.84,16.83,16.82,176,1123,2590,18,37,0
2020-01-02 09:36:21,16.86,1070.000,1803520.000,16.86,16.87,16.88,16.89,16.9,563,128,8388,2536,4616,16.85,16.84,16.83,16.82,16.81,475,2590,18,37,732,0
2020-01-02 09:36:25,16.86,2269.000,3825536.000,16.87,16.88,16.89,16.9,16.91,35,8634,2644,4669,1278,16.86,16.85,16.84,16.83,16.82,57,335,2601,18,37,1
2020-01-02 09:36:27,16.87,398.000,671104.000,16.87,16.88,16.89,16.9,16.91,47,8816,2744,4910,1823,16.86,16.85,16.84,16.83,16.82,239,307,2428,18,37,1
2020-01-02 09:36:30,16.86,1032.000,1739392.000,16.86,16.87,16.88,16.89,16.9,50,890,8863,2745,5219,16.85,16.84,16.83,16.82,16.81,282,2338,18,37,825,0
2020-01-02 09:36:33,16.85,613.000,1033728.000,16.86,16.87,16.88,16.89,16.9,33,1425,8974,2768,5225,16.85,16.84,16.83,16.82,16.81,215,2338,38,84,825,0
2020-01-02 09:36:36,16.86,275.000,463616.000,16.86,16.87,16.88,16.89,16.9,35,1900,9059,2778,5240,16.85,16.84,16.83,16.82,16.81,361,2338,38,113,825,1
2020-01-02 09:36:39,16.86,440.000,741632.000,16.86,16.87,16.88,16.89,16.9,1033,2058,9108,2785,4640,16.85,16.84,16.83,16.82,16.81,155,2338,431,113,825,1
2020-01-02 09:36:42,16.84,1210.000,2039552.000,16.85,16.86,16.87,16.88,16.89,5,410,3268,9088,2831,16.84,16.83,16.82,16.81,16.8,2331,431,113,825,3702,0
2020-01-02 09:36:45,16.86,3113.000,5244096.000,16.86,16.87,16.88,16.89,16.9,564,3338,9067,2826,4659,16.85,16.84,16.83,16.82,16.81,1,788,431,178,825,1
2020-01-02 09:36:48,16.85,11547.000,19484930.000,16.86,16.88,16.89,16.9,16.91,99,2397,2856,4773,1879,16.85,16.84,16.83,16.82,16.81,276,795,431,177,825,0
2020-01-02 09:36:51,16.84,4349.000,7336128.000,16.85,16.86,16.87,16.88,16.89,428,15,153,33,2856,16.84,16.83,16.82,16.81,16.8,365,431,452,825,3710,0
2020-01-02 09:36:54,16.87,1286.000,2168320.000,16.88,16.89,16.9,16.91,16.92,85,2910,4804,1885,2089,16.87,16.86,16.85,16.84,16.83,149,10,1416,418,445,1
2020-01-02 09:36:57,16.86,743.000,1254400.000,16.86,16.88,16.89,16.9,16.91,85,17,2619,4811,1885,16.85,16.84,16.83,16.82,16.81,626,424,445,452,775,0
2020-01-02 09:37:00,16.85,1251.000,2109824.000,16.86,16.88,16.89,16.9,16.91,11,149,2619,4860,1888,16.85,16.84,16.83,16.82,16.81,586,425,445,452,816,0
2020-01-02 09:37:03,16.86,398.000,671552.000,16.87,16.88,16.89,16.9,16.91,258,742,2630,4941,1888,16.86,16.85,16.84,16.83,16.82,159,626,438,445,452,1
2020-01-02 09:37:07,16.87,2102.000,3546944.000,16.87,16.88,16.89,16.9,16.91,35,4,2336,4993,1888,16.86,16.85,16.84,16.83,16.82,569,1937,457,445,452,1
2020-01-02 09:37:09,16.86,2970.000,5008704.000,16.87,16.88,16.89,16.9,16.91,577,332,2335,4989,1895,16.86,16.85,16.84,16.83,16.82,319,2043,451,445,452,0
2020-01-02 09:37:12,16.88,1607.000,2711936.000,16.89,16.9,16.91,16.92,16.93,2195,5019,1895,2029,2263,16.88,16.87,16.86,16.85,16.84,3658,420,897,2007,451,1
2020-01-02 09:37:16,16.88,1285.000,2169472.000,16.89,16.9,16.91,16.92,16.93,2184,5426,1899,2029,2263,16.88,16.87,16.86,16.85,16.84,2758,353,939,2043,451,0
2020-01-02 09:37:19,16.88,1710.000,2887936.000,16.89,16.9,16.91,16.92,16.93,958,5490,1896,2089,2290,16.88,16.87,16.86,16.85,16.84,3348,353,758,2057,451,0
2020-01-02 09:37:21,16.88,707.000,1193920.000,16.89,16.9,16.91,16.92,16.93,1411,5090,1415,2089,2292,16.88,16.87,16.86,16.85,16.84,3215,377,758,2103,471,0
2020-01-02 09:37:24,16.89,3896.000,6577152.000,16.89,16.9,16.91,16.92,16.93,773,5448,1415,2090,2292,16.88,16.87,16.86,16.85,16.84,185,377,762,2105,419,1
2020-01-02 09:37:27,16.88,793.000,1338880.000,16.88,16.89,16.9,16.91,16.92,56,453,5835,1420,2088,16.87,16.86,16.85,16.84,16.83,355,771,2104,399,511,0
2020-01-02 09:37:30,16.88,517.000,872896.000,16.88,16.89,16.9,16.91,16.92,471,264,5853,1420,2088,16.87,16.86,16.85,16.84,16.83,772,807,2104,399,511,1
2020-01-02 09:37:33,16.87,628.000,1059968.000,16.88,16.89,16.9,16.91,16.92,365,328,5888,1437,2088,16.87,16.86,16.85,16.84,16.83,708,791,2101,399,512,0
2020-01-02 09:37:36,16.87,452.000,762880.000,16.88,16.89,16.9,16.91,16.92,68,405,5866,1437,2118,16.87,16.86,16.85,16.84,16.83,636,761,2101,399,512,0
2020-01-02 09:37:39,16.87,1826.000,3081536.000,16.87,16.88,16.89,16.9,16.91,140,385,434,5900,1449,16.86,16.85,16.84,16.83,16.82,777,2101,399,512,457,0
2020-01-02 09:37:42,16.88,1490.000,2514944.000,16.89,16.9,16.91,16.92,16.93,577,5911,1449,2132,2337,16.88,16.87,16.86,16.85,16.84,3765,110,784,2119,399,1
2020-01-02 09:37:45,16.88,1880.000,3173760.000,16.89,16.9,16.91,16.92,16.93,317,5919,1449,2132,2337,16.88,16.87,16.86,16.85,16.84,2272,237,784,2106,399,0
2020-01-02 09:37:48,16.89,241.000,406848.000,16.89,16.9,16.91,16.92,16.93,495,5934,1464,2132,2337,16.88,16.87,16.86,16.85,16.84,2657,311,799,2136,399,1
2020-01-02 09:37:51,16.89,1132.000,1910976.000,16.89,16.9,16.91,16.92,16.93,476,5941,1464,2132,2337,16.88,16.87,16.86,16.85,16.84,1684,318,871,2138,399,1
2020-01-02 09:37:54,16.88,1926.000,3251648.000,16.89,16.9,16.91,16.92,16.93,4,5905,1439,2132,2342,16.88,16.87,16.86,16.85,16.84,305,306,881,2148,399,0
2020-01-02 09:37:57,16.88,254.000,428928.000,16.89,16.9,16.91,16.92,16.93,97,5971,1454,2134,2322,16.88,16.87,16.86,16.85,16.84,193,327,903,2148,399,0
2020-01-02 09:38:01,16.88,976.000,1648832.000,16.89,16.9,16.91,16.92,16.93,927,5469,1504,2134,2332,16.88,16.87,16.86,16.85,16.84,156,277,903,2148,399,0
2020-01-02 09:38:03,16.88,2202.000,3718784.000,16.88,16.89,16.9,16.91,16.92,4460,95,5332,1514,2125,16.87,16.86,16.85,16.84,16.83,174,908,2157,399,502,0
2020-01-02 09:38:06,16.88,652.000,1100288.000,16.88,16.89,16.9,16.91,16.92,5600,200,5347,1514,2425,16.87,16.86,16.85,16.84,16.83,399,888,2157,399,502,1
2020-01-02 09:38:09,16.88,1399.000,2359424.000,16.88,16.89,16.9,16.91,16.92,5591,298,5343,1534,2475,16.86,16.85,16.84,16.83,16.82,88,2151,399,502,410,1
2020-01-02 09:38:12,16.87,278.000,468864.000,16.87,16.88,16.89,16.9,16.91,294,5624,349,5510,1534,16.86,16.85,16.84,16.83,16.82,93,2154,399,502,410,0
2020-01-02 09:38:15,16.86,226.000,381056.000,16.86,16.87,16.88,16.89,16.9,241,630,5657,432,5510,16.85,16.84,16.83,16.82,16.81,2154,399,502,410,912,0
2020-01-02 09:38:18,16.86,206.000,347264.000,16.86,16.87,16.88,16.89,16.9,287,870,5757,442,5510,16.85,16.84,16.83,16.82,16.81,2081,399,502,410,910,1
2020-01-02 09:38:21,16.87,379.000,638976.000,16.86,16.87,16.88,16.89,16.9,19,881,5793,462,5533,16.85,16.84,16.83,16.82,16.81,2028,399,502,410,910,1
2020-01-02 09:38:24,16.85,2068.000,3484736.000,16.86,16.87,16.88,16.89,16.9,75,872,5853,463,5483,16.85,16.84,16.83,16.82,16.81,116,399,502,410,910,0
2020-01-02 09:38:27,16.85,353.000,594752.000,16.85,16.86,16.87,16.88,16.89,161,85,878,5832,463,16.84,16.83,16.82,16.81,16.8,357,502,410,910,4095,0
2020-01-02 09:38:30,16.84,232.000,390912.000,16.85,16.86,16.87,16.88,16.89,5083,695,891,5850,486,16.84,16.83,16.82,16.81,16.8,461,502,410,910,4095,0
2020-01-02 09:38:33,16.85,398.000,670272.000,16.85,16.86,16.87,16.88,16.89,5076,778,826,5939,466,16.84,16.83,16.82,16.81,16.8,113,502,410,910,4018,1
2020-01-02 09:38:36,16.84,1254.000,2113216.000,16.84,16.85,16.86,16.87,16.88,1204,4136,778,802,5700,16.83,16.82,16.81,16.8,16.79,495,410,915,4023,74,0
2020-01-02 09:38:39,16.83,5176.000,8720128.000,16.84,16.85,16.86,16.87,16.88,56,410,922,805,5700,16.83,16.82,16.81,16.8,16.79,420,410,915,4054,74,0
2020-01-02 09:38:42,16.83,485.000,816384.000,16.84,16.85,16.86,16.87,16.88,337,476,947,806,5696,16.83,16.82,16.81,16.8,16.79,574,415,915,4054,74,0
2020-01-02 09:38:45,16.83,895.000,1506624.000,16.83,16.84,16.85,16.86,16.87,11,146,487,947,806,16.82,16.81,16.8,16.79,16.78,415,915,4054,74,153,0
2020-01-02 09:38:48,16.82,689.000,1158848.000,16.83,16.84,16.85,16.86,16.87,47,166,461,955,806,16.82,16.81,16.8,16.79,16.78,340,834,4054,74,153,0
2020-01-02 09:38:51,16.83,534.000,898816.000,16.84,16.85,16.86,16.87,16.88,110,494,957,844,5745,16.83,16.82,16.81,16.8,16.79,6825,538,865,4044,74,1
2020-01-02 09:38:54,16.85,250.000,420992.000,16.85,16.86,16.87,16.88,16.89,501,963,868,5742,538,16.84,16.83,16.82,16.81,16.8,165,6834,543,879,4044,1
2020-01-02 09:38:57,16.83,3763.000,6333824.000,16.84,16.85,16.86,16.87,16.88,67,177,963,1295,5791,16.83,16.82,16.81,16.8,16.79,3990,558,884,4044,74,0
2020-01-02 09:39:00,16.84,5108.000,8616704.000,16.85,16.86,16.87,16.88,16.89,2,2,43,3555,552,16.83,16.82,16.81,16.8,16.79,4019,558,884,4045,79,1
2020-01-02 09:39:03,16.86,1382.000,2329088.000,16.87,16.88,16.89,16.9,16.91,10,3161,552,5820,1634,16.86,16.84,16.83,16.82,16.81,901,10,3804,608,884,1
2020-01-02 09:39:06,16.83,1629.000,2744896.000,16.85,16.86,16.87,16.88,16.89,533,320,28,3180,555,16.83,16.82,16.81,16.8,16.79,3368,605,884,4058,79,0
2020-01-02 09:39:09,16.84,204.000,343680.000,16.85,16.86,16.87,16.88,16.89,423,335,383,3124,565,16.84,16.83,16.82,16.81,16.8,464,3461,605,887,4063,1
2020-01-02 09:39:12,16.84,380.000,640256.000,16.85,16.86,16.87,16.88,16.89,125,363,487,3502,565,16.84,16.83,16.82,16.81,16.8,4331,3461,605,1212,4063,0
2020-01-02 09:39:15,16.85,995.000,1676160.000,16.86,16.87,16.88,16.89,16.9,379,587,3519,594,5877,16.85,16.84,16.83,16.82,16.81,545,3895,3513,605,1212,1
2020-01-02 09:39:18,16.85,504.000,849600.000,16.86,16.87,16.88,16.89,16.9,83,667,3543,594,5939,16.85,16.84,16.83,16.82,16.81,1560,3902,3511,605,1181,0
2020-01-02 09:39:21,16.84,3572.000,6017280.000,16.85,16.86,16.87,16.88,16.89,5,4,629,3573,748,16.84,16.83,16.82,16.81,16.8,2127,3514,605,1181,4210,0
2020-01-02 09:39:24,16.87,1513.000,2548416.000,16.87,16.88,16.89,16.9,16.91,549,3583,754,5939,1733,16.85,16.84,16.83,16.82,16.81,4,879,3514,752,1181,1
2020-01-02 09:39:27,16.85,1519.000,2562176.000,16.86,16.87,16.88,16.89,16.9,493,1215,3171,754,6027,16.85,16.84,16.83,16.82,16.81,225,1089,3514,752,1201,0
2020-01-02 09:39:30,16.84,1433.000,2413376.000,16.84,16.85,16.86,16.87,16.88,4314,489,909,1267,3147,16.83,16.82,16.81,16.8,16.79,3544,752,1201,4210,89,0
2020-01-02 09:39:33,16.84,400.000,673536.000,16.84,16.85,16.86,16.87,16.88,4021,1248,943,1427,3181,16.83,16.82,16.81,16.8,16.79,3460,767,1201,4223,89,1
2020-01-02 09:39:36,16.83,554.000,932544.000,16.84,16.85,16.86,16.87,16.88,3831,1298,959,1461,3191,16.83,16.82,16.81,16.8,16.79,3140,767,1201,4235,89,0
2020-01-02 09:39:39,16.83,4302.000,7241344.000,16.83,16.84,16.85,16.86,16.87,5680,2788,1309,959,1449,16.82,16.81,16.8,16.79,16.78,767,1201,4239,89,185,0
2020-01-02 09:39:42,16.83,1094.000,1841216.000,16.83,16.84,16.85,16.86,16.87,4721,2780,1831,959,1649,16.82,16.81,16.8,16.79,16.78,751,1201,4239,89,185,1
2020-01-02 09:39:45,16.82,1096.000,1843776.000,16.82,16.83,16.84,16.85,16.86,681,3418,2780,1882,951,16.81,16.8,16.79,16.78,16.77,1221,4239,89,185,427,0
2020-01-02 09:39:48,16.81,655.000,1101376.000,16.82,16.83,16.84,16.85,16.86,1563,3466,2780,2003,951,16.81,16.8,16.79,16.78,16.77,885,4250,89,185,427,0
2020-01-02 09:39:51,16.8,5776.000,9705216.000,16.8,16.82,16.83,16.84,16.85,274,1544,3494,2780,1995,16.79,16.78,16.77,16.76,16.75,189,185,427,691,681,0
2020-01-02 09:39:54,16.81,1338.000,2249728.000,16.81,16.82,16.83,16.84,16.85,369,2774,3541,2779,2059,16.79,16.78,16.77,16.76,16.75,739,185,427,691,681,1
2020-01-02 09:39:57,16.79,1710.000,2871232.000,16.79,16.81,16.82,16.83,16.84,268,356,2782,3541,2751,16.78,16.77,16.76,16.75,16.74,190,429,691,686,330,0
2020-01-02 09:40:00,16.78,22.000,36928.000,16.79,16.8,16.81,16.82,16.83,735,18,609,2808,3543,16.78,16.77,16.76,16.75,16.74,191,429,691,692,330,0
2020-01-02 09:40:03,16.78,335.000,562304.000,16.79,16.8,16.81,16.82,16.83,646,18,625,2808,3543,16.78,16.77,16.76,16.75,16.74,164,413,691,692,330,0
2020-01-02 09:40:06,16.78,949.000,1593024.000,16.78,16.79,16.8,16.81,16.82,26,22,57,618,2795,16.77,16.76,16.75,16.74,16.73,431,691,684,330,167,0
2020-01-02 09:40:09,16.78,131.000,219904.000,16.78,16.8,16.81,16.82,16.83,214,84,618,2795,3539,16.77,16.76,16.75,16.74,16.73,842,691,684,330,167,1
2020-01-02 09:40:12,16.78,1078.000,1808192.000,16.8,16.81,16.82,16.83,16.84,111,630,2795,3539,2786,16.78,16.77,16.76,16.75,16.74,5,186,691,682,330,1
2020-01-02 09:40:15,16.78,398.000,667904.000,16.78,16.8,16.81,16.82,16.83,41,109,630,2815,3539,16.77,16.76,16.75,16.74,16.73,203,711,682,330,167,0
2020-01-02 09:40:18,16.78,213.000,357376.000,16.8,16.81,16.82,16.83,16.84,848,670,2815,3522,2772,16.78,16.77,16.76,16.75,16.74,382,173,712,682,330,1
2020-01-02 09:40:21,16.78,824.000,1383104.000,16.78,16.79,16.8,16.81,16.82,181,43,691,585,2830,16.77,16.76,16.75,16.74,16.73,285,712,692,330,262,0
2020-01-02 09:40:24,16.78,414.000,694656.000,16.78,16.79,16.8,16.81,16.82,38,13,871,516,2830,16.77,16.76,16.75,16.74,16.73,875,712,692,330,262,1
2020-01-02 09:40:27,16.78,523.000,877504.000,16.78,16.8,16.81,16.82,16.83,7,899,516,2833,3450,16.77,16.76,16.75,16.74,16.73,815,712,718,330,256,1
2020-01-02 09:40:30,16.78,243.000,407808.000,16.79,16.8,16.81,16.82,16.83,126,949,516,2825,3454,16.78,16.77,16.76,16.75,16.74,92,807,677,745,330,1
2020-01-02 09:40:33,16.78,227.000,380928.000,16.79,16.8,16.81,16.82,16.83,147,963,516,2825,3454,16.78,16.77,16.76,16.75,16.74,282,827,761,745,330,0
2020-01-02 09:40:36,16.78,751.000,1260224.000,16.78,16.79,16.8,16.81,16.82,452,97,988,396,2826,16.77,16.76,16.75,16.74,16.73,840,761,746,316,256,0
2020-01-02 09:40:39,16.78,326.000,547008.000,16.78,16.79,16.8,16.81,16.82,1196,120,1009,407,2786,16.77,16.76,16.75,16.74,16.73,897,783,746,316,256,1
2020-01-02 09:40:42,16.78,670.000,1123904.000,16.78,16.79,16.8,16.81,16.82,926,128,1016,427,2786,16.77,16.76,16.75,16.74,16.73,525,1031,771,316,286,1
2020-01-02 09:40:45,16.77,999.000,1675840.000,16.78,16.79,16.8,16.81,16.82,544,129,1101,426,2786,16.77,16.76,16.75,16.74,16.73,56,1131,771,316,286,0
2020-01-02 09:40:48,16.77,117.000,196224.000,16.77,16.78,16.79,16.8,16.81,161,555,129,1331,429,16.76,16.75,16.74,16.73,16.72,1131,776,316,289,212,0
2020-01-02 09:40:51,16.77,26.000,43584.000,16.77,16.78,16.79,16.8,16.81,674,721,129,1338,435,16.76,16.75,16.74,16.73,16.72,1552,776,316,289,212,1
2020-01-02 09:40:54,16.76,129.000,216256.000,16.77,16.78,16.79,16.8,16.81,636,725,129,1338,445,16.76,16.75,16.74,16.73,16.72,1491,781,316,289,212,0
2020-01-02 09:40:57,16.76,414.000,694144.000,16.77,16.78,16.79,16.8,16.81,449,765,129,1323,465,16.76,16.75,16.74,16.73,16.72,1350,782,316,289,212,0
2020-01-02 09:41:00,16.77,1214.000,2036480.000,16.78,16.79,16.8,16.81,16.82,126,139,1342,465,2796,16.77,16.76,16.75,16.74,16.73,157,1350,782,326,289,1
2020-01-02 09:41:03,16.76,1912.000,3204032.000,16.76,16.77,16.78,16.79,16.8,323,7,275,139,1470,16.75,16.74,16.73,16.72,16.71,287,326,289,212,584,0
2020-01-02 09:41:07,16.77,714.000,1196480.000,16.77,16.78,16.79,16.8,16.81,2,249,139,1458,495,16.76,16.74,16.73,16.72,16.71,7,326,289,248,584,1
2020-01-02 09:41:09,16.77,159.000,266688.000,16.78,16.79,16.8,16.81,16.82,345,148,1452,475,2756,16.77,16.74,16.73,16.72,16.71,125,324,289,248,584,1
2020-01-02 09:41:12,16.77,148.000,248192.000,16.78,16.79,16.8,16.81,16.82,353,148,1469,525,2749,16.77,16.76,16.75,16.74,16.73,32,8,50,339,290,0
2020-01-02 09:41:15,16.76,184.000,308672.000,16.76,16.77,16.78,16.79,16.8,11,37,288,598,1479,16.75,16.74,16.73,16.72,16.71,50,339,290,248,584,0
2020-01-02 09:41:18,16.77,76.000,127424.000,16.78,16.79,16.8,16.81,16.82,288,616,1481,525,2754,16.77,16.76,16.75,16.74,16.73,29,12,98,362,290,1
2020-01-02 09:41:21,16.76,182.000,305216.000,16.77,16.78,16.79,16.8,16.81,70,280,618,1451,525,16.76,16.75,16.74,16.73,16.72,8,1276,349,280,262,0
2020-01-02 09:41:24,16.77,38.000,63680.000,16.77,16.78,16.79,16.8,16.81,181,310,618,1451,525,16.75,16.74,16.73,16.72,16.71,1347,369,280,262,600,1
2020-01-02 09:41:27,16.76,1346.000,2254720.000,16.76,16.77,16.78,16.79,16.8,163,1481,314,618,1451,16.75,16.74,16.73,16.72,16.71,179,375,380,272,630,0
2020-01-02 09:41:30,16.77,2220.000,3723328.000,16.77,16.79,16.8,16.81,16.82,47,468,1480,521,2747,16.76,16.75,16.74,16.73,16.72,13,183,390,384,472,1
2020-01-02 09:41:33,16.76,149.000,249664.000,16.77,16.78,16.79,16.8,16.81,46,30,468,1460,521,16.76,16.75,16.74,16.73,16.72,104,178,390,384,502,0
2020-01-02 09:41:36,16.77,149.000,249856.000,16.77,16.78,16.79,16.8,16.81,30,20,539,1428,521,16.76,16.75,16.74,16.73,16.72,84,208,410,396,522,1
2020-01-02 09:41:39,16.76,288.000,482752.000,16.76,16.77,16.79,16.8,16.81,311,17,574,1428,521,16.75,16.74,16.73,16.72,16.71,215,410,401,528,630,0
2020-01-02 09:41:43,16.76,334.000,559808.000,16.76,16.77,16.78,16.79,16.8,177,53,12,579,1428,16.75,16.74,16.73,16.72,16.71,613,410,401,578,630,1
2020-01-02 09:41:45,16.77,726.000,1216768.000,16.77,16.78,16.79,16.8,16.81,4,62,584,1453,521,16.76,16.75,16.74,16.73,16.72,1,363,410,391,578,1
2020-01-02 09:41:48,16.72,2433.000,4071488.000,16.72,16.74,16.75,16.76,16.77,910,2047,7,23,19,16.71,16.7,16.69,16.68,16.67,832,1336,222,446,247,0
2020-01-02 09:41:51,16.72,181.000,302528.000,16.72,16.74,16.75,16.76,16.77,813,2059,459,25,48,16.71,16.7,16.69,16.68,16.67,786,1341,222,446,247,1
2020-01-02 09:41:54,16.73,889.000,1486528.000,16.74,16.75,16.76,16.77,16.78,2002,459,63,50,68,16.73,16.72,16.71,16.7,16.69,13,6,786,1341,222,1
2020-01-02 09:41:57,16.73,221.000,369920.000,16.74,16.75,16.76,16.77,16.78,1834,459,64,50,68,16.72,16.71,16.7,16.69,16.68,9,807,1344,222,425,0
2020-01-02 09:42:00,16.72,2291.000,3827008.000,16.74,16.75,16.76,16.77,16.78,1851,464,99,50,68,16.72,16.71,16.69,16.68,16.67,349,5,297,425,247,0
2020-01-02 09:42:03,16.7,846.000,1413696.000,16.7,16.72,16.73,16.74,16.75,759,5,142,1838,484,16.69,16.68,16.67,16.66,16.65,282,420,247,648,1936,0
2020-01-02 09:42:06,16.74,3585.000,5991616.000,16.72,16.74,16.75,16.76,16.77,7,1265,501,99,84,16.68,16.67,16.66,16.65,16.64,462,247,651,1936,286,1
2020-01-02 09:42:09,16.7,370.000,618560.000,16.73,16.74,16.75,16.76,16.77,1,1215,501,99,84,16.72,16.71,16.7,16.68,16.67,10,3,132,462,247,0
2020-01-02 09:42:12,16.7,157.000,262528.000,16.71,16.73,16.74,16.75,16.76,7,480,1185,516,99,16.7,16.68,16.67,16.66,16.65,232,525,247,646,1936,0
2020-01-02 09:42:15,16.72,142.000,237184.000,16.72,16.73,16.74,16.75,16.76,358,548,1215,514,99,16.7,16.68,16.67,16.66,16.65,317,583,270,646,1986,1
2020-01-02 09:42:18,16.7,397.000,663104.000,16.7,16.72,16.73,16.74,16.75,107,331,814,1215,514,16.69,16.68,16.67,16.66,16.65,25,588,270,643,1876,0
2020-01-02 09:42:21,16.7,152.000,253888.000,16.7,16.72,16.73,16.74,16.75,7,336,814,1260,494,16.69,16.68,16.67,16.66,16.65,55,562,290,703,1981,1
2020-01-02 09:42:24,16.74,2389.000,3997056.000,16.74,16.75,16.76,16.77,16.78,204,882,119,59,144,16.71,16.7,16.69,16.68,16.67,70,25,120,702,305,1
2020-01-02 09:42:27,16.74,787.000,1313984.000,16.74,16.75,16.76,16.77,16.78,98,874,119,59,144,16.68,16.67,16.66,16.65,16.64,624,309,769,2008,284,1
2020-01-02 09:42:30,16.68,1327.000,2213696.000,16.68,16.69,16.71,16.73,16.74,2044,10,45,4,114,16.67,16.66,16.65,16.64,16.63,308,822,2008,284,1689,0
2020-01-02 09:42:33,16.69,2484.000,4143872.000,16.73,16.74,16.75,16.76,16.77,3,380,488,121,65,16.69,16.68,16.67,16.66,16.65,619,1,326,847,2023,1
2020-01-02 09:42:36,16.7,413.000,689792.000,16.7,16.74,16.75,16.76,16.77,21,336,499,99,65,16.69,16.68,16.67,16.66,16.65,317,12,388,857,2153,1
2020-01-02 09:42:39,16.73,26.000,43392.000,16.73,16.74,16.75,16.76,16.77,494,375,67,89,65,16.7,16.69,16.68,16.67,16.66,20,389,228,448,929,1
2020-01-02 09:42:42,16.71,1423.000,2378880.000,16.7,16.74,16.75,16.76,16.77,2,122,87,89,125,16.69,16.68,16.67,16.66,16.65,82,263,541,942,2358,0
2020-01-02 09:42:45,16.69,210.000,350720.000,16.69,16.7,16.73,16.74,16.75,8,380,16,93,88,16.68,16.67,16.66,16.65,16.64,316,541,962,2378,292,0
2020-01-02 09:42:48,16.7,590.000,985152.000,16.73,16.74,16.75,16.76,16.77,19,104,108,89,125,16.7,16.69,16.68,16.67,16.66,61,271,390,561,967,1
2020-01-02 09:42:51,16.7,219.000,365888.000,16.73,16.74,16.75,16.76,16.77,12,104,110,148,125,16.7,16.69,16.68,16.67,16.66,2168,244,446,561,987,0
2020-01-02 09:42:54,16.7,501.000,836864.000,16.73,16.74,16.75,16.76,16.77,1,97,115,148,125,16.7,16.69,16.68,16.67,16.66,1757,271,550,574,995,0
2020-01-02 09:42:57,16.71,750.000,1252608.000,16.73,16.74,16.75,16.76,16.77,106,96,115,148,125,16.71,16.7,16.69,16.68,16.67,79,1563,321,578,584,1
2020-01-02 09:43:00,16.71,67.000,112000.000,16.73,16.74,16.75,16.76,16.77,1547,96,185,148,125,16.71,16.7,16.69,16.68,16.67,96,1551,371,607,594,0
2020-01-02 09:43:03,16.7,1929.000,3221632.000,16.7,16.71,16.72,16.73,16.74,2884,1020,59,1537,96,16.69,16.68,16.67,16.66,16.65,182,855,594,1008,2318,0
2020-01-02 09:43:06,16.69,328.000,547520.000,16.69,16.7,16.71,16.72,16.73,95,3008,1212,96,1167,16.68,16.67,16.66,16.65,16.64,863,594,1008,2345,412,0
2020-01-02 09:43:09,16.69,95.000,158528.000,16.69,16.7,16.71,16.72,16.73,216,3018,1224,59,1167,16.68,16.67,16.66,16.65,16.64,862,594,1019,2350,412,1
2020-01-02 09:43:12,16.7,683.000,1139648.000,16.7,16.71,16.72,16.73,16.74,3140,1374,59,1217,57,16.68,16.67,16.66,16.65,16.64,500,619,1020,2350,422,1
2020-01-02 09:43:15,16.68,701.000,1169280.000,16.68,16.69,16.7,16.71,16.72,96,10,3122,1392,59,16.67,16.66,16.65,16.64,16.63,743,1030,2350,422,1738,0
2020-01-02 09:43:18,16.7,3594.000,6000960.000,16.71,16.72,16.73,16.74,16.75,1397,59,1177,58,233,16.7,16.68,16.67,16.66,16.65,1728,186,802,1055,2350,1
2020-01-02 09:43:21,16.7,339.000,566144.000,16.71,16.72,16.73,16.74,16.75,1388,59,1167,58,235,16.7,16.69,16.68,16.67,16.66,1398,2,384,797,1100,0
2020-01-02 09:43:24,16.7,1522.000,2542912.000,16.71,16.72,16.73,16.74,16.75,221,59,1167,58,236,16.7,16.69,16.68,16.67,16.66,1076,29,428,827,1115,0
2020-01-02 09:43:27,16.7,1311.000,2190272.000,16.7,16.71,16.72,16.73,16.74,393,25,59,1167,58,16.69,16.68,16.67,16.66,16.65,34,465,849,1115,2256,0
2020-01-02 09:43:30,16.69,192.000,320640.000,16.69,16.7,16.71,16.72,16.73,1984,370,25,59,1177,16.68,16.67,16.66,16.65,16.64,542,850,1120,2273,439,0
2020-01-02 09:43:33,16.69,2237.000,3733696.000,16.69,16.7,16.71,16.72,16.73,359,180,30,59,1177,16.68,16.67,16.66,16.65,16.64,511,1051,1122,2273,439,1
2020-01-02 09:43:36,16.68,636.000,1061184.000,16.69,16.7,16.71,16.72,16.73,84,228,30,59,1177,16.68,16.67,16.66,16.65,16.64,296,1066,1152,2273,442,0
2020-01-02 09:43:39,16.69,389.000,648960.000,16.69,16.7,16.71,16.72,16.73,32,580,30,59,1177,16.68,16.67,16.66,16.65,16.64,252,1066,1152,2273,442,1
2020-01-02 09:43:43,16.7,1079.000,1801152.000,16.71,16.72,16.73,16.74,16.75,30,61,1182,107,299,16.7,16.69,16.68,16.67,16.66,1152,124,298,1098,1152,1
2020-01-02 09:43:45,16.7,713.000,1190720.000,16.71,16.72,16.73,16.74,16.75,12,102,1182,107,299,16.7,16.69,16.68,16.67,16.66,468,719,365,1095,1228,0
2020-01-02 09:43:48,16.7,359.000,599424.000,16.72,16.73,16.74,16.75,16.76,102,740,107,299,135,16.7,16.69,16.68,16.67,16.66,313,862,419,1095,1228,0
2020-01-02 09:43:51,16.7,423.000,707584.000,16.7,16.72,16.73,16.74,16.75,18,46,740,107,299,16.69,16.68,16.67,16.66,16.65,852,450,1127,1231,2301,0
2020-01-02 09:43:54,16.69,107.000,178688.000,16.7,16.71,16.72,16.73,16.74,257,1,646,740,107,16.69,16.68,16.67,16.66,16.65,867,462,1428,1231,2301,0
2020-01-02 09:43:57,16.69,576.000,961536.000,16.7,16.71,16.72,16.73,16.74,579,1,667,744,107,16.69,16.68,16.67,16.66,16.65,498,511,1453,1232,2480,0
2020-01-02 09:44:00,16.7,131.000,218752.000,16.7,16.71,16.72,16.73,16.74,506,51,667,744,107,16.69,16.68,16.67,16.66,16.65,596,530,1463,1254,2502,1
2020-01-02 09:44:03,16.7,1118.000,1866496.000,16.71,16.72,16.73,16.74,16.75,501,667,744,107,304,16.7,16.69,16.68,16.67,16.66,1728,138,612,1513,1258,1
2020-01-02 09:44:06,16.7,590.000,985280.000,16.71,16.72,16.73,16.74,16.75,551,667,844,127,304,16.7,16.69,16.68,16.67,16.66,1214,180,699,1533,1256,0
2020-01-02 09:44:09,16.71,115.000,192064.000,16.71,16.72,16.73,16.74,16.75,570,673,844,126,304,16.7,16.69,16.68,16.67,16.66,1153,214,530,1542,1256,1
2020-01-02 09:44:12,16.7,1336.000,2231168.000,16.7,16.71,16.72,16.73,16.74,283,494,673,844,126,16.69,16.68,16.67,16.66,16.65,206,523,1542,1256,2304,0
2020-01-02 09:44:16,16.68,1006.000,1679360.000,16.7,16.71,16.72,16.73,16.74,191,494,683,744,126,16.68,16.67,16.66,16.65,16.64,324,1536,1266,2304,627,0
2020-01-02 09:44:19,16.7,333.000,555904.000,16.7,16.71,16.72,16.73,16.74,208,495,685,680,146,16.69,16.68,16.67,16.66,16.65,1905,325,1546,1266,2312,1
2020-01-02 09:44:22,16.7,1046.000,1746816.000,16.7,16.71,16.72,16.73,16.74,550,505,697,680,146,16.69,16.68,16.67,16.66,16.65,1900,341,1546,1266,2312,1
2020-01-02 09:44:25,16.7,1685.000,2814016.000,16.71,16.72,16.73,16.74,16.75,408,697,680,146,317,16.7,16.69,16.68,16.67,16.66,255,1918,542,1532,1266,1
2020-01-02 09:44:27,16.7,896.000,1495744.000,16.71,16.72,16.73,16.74,16.75,432,697,680,146,317,16.7,16.69,16.68,16.67,16.66,48,1340,660,1548,1266,0
2020-01-02 09:44:30,16.7,2001.000,3342976.000,16.72,16.73,16.74,16.75,16.76,86,680,146,311,135,16.7,16.69,16.68,16.67,16.66,298,978,678,1548,1266,0
2020-01-02 09:44:33,16.7,450.000,751552.000,16.7,16.72,16.73,16.74,16.75,115,86,690,146,318,16.69,16.68,16.67,16.66,16.65,988,681,1548,1266,2373,0
2020-01-02 09:44:36,16.7,1436.000,2397120.000,16.71,16.72,16.73,16.74,16.75,1,93,690,146,318,16.7,16.69,16.68,16.67,16.66,1813,110,728,1555,1266,1
2020-01-02 09:44:39,16.7,1593.000,2660352.000,16.72,16.73,16.74,16.75,16.76,113,690,146,318,135,16.7,16.69,16.68,16.67,16.66,284,148,728,1255,1266,0
2020-01-02 09:44:42,16.7,332.000,554496.000,16.7,16.72,16.73,16.74,16.75,73,93,690,146,546,16.69,16.68,16.67,16.66,16.65,148,741,1265,1261,2373,0
2020-01-02 09:44:45,16.68,340.000,567296.000,16.69,16.7,16.71,16.72,16.73,1185,767,13,114,690,16.68,16.67,16.66,16.65,16.64,966,1265,1261,2373,641,0
2020-01-02 09:44:48,16.69,831.000,1386560.000,16.69,16.7,16.71,16.72,16.73,25,778,13,119,696,16.68,16.67,16.66,16.65,16.64,597,1275,1282,2396,641,1
2020-01-02 09:44:51,16.69,453.000,755712.000,16.69,16.7,16.71,16.72,16.73,14,795,23,1114,696,16.68,16.67,16.66,16.65,16.64,281,1288,1282,2401,634,1
2020-01-02 09:44:54,16.69,355.000,592320.000,16.7,16.71,16.72,16.73,16.74,800,23,1106,696,146,16.69,16.68,16.67,16.66,16.65,842,379,1306,1285,2401,1
2020-01-02 09:44:57,16.69,972.000,1623168.000,16.71,16.72,16.73,16.74,16.75,605,1106,696,146,526,16.69,16.68,16.67,16.66,16.65,807,392,1307,1273,2402,0
2020-01-02 09:45:00,16.7,55.000,91776.000,16.71,16.72,16.73,16.74,16.75,607,1106,696,146,519,16.7,16.69,16.68,16.67,16.66,2112,795,422,1313,1273,1
2020-01-02 09:45:03,16.7,801.000,1337728.000,16.71,16.72,16.73,16.74,16.75,590,1091,704,146,519,16.7,16.69,16.68,16.67,16.66,1354,817,454,1297,1273,0
2020-01-02 09:45:06,16.7,655.000,1093824.000,16.71,16.72,16.73,16.74,16.75,586,1091,718,146,519,16.7,16.69,16.68,16.67,16.66,722,838,454,1297,1293,0
2020-01-02 09:45:09,16.7,645.000,1077504.000,16.71,16.72,16.73,16.74,16.75,506,1096,718,146,517,16.7,16.69,16.68,16.67,16.66,411,839,468,1317,1293,0
2020-01-02 09:45:12,16.7,204.000,340672.000,16.71,16.72,16.73,16.74,16.75,479,1096,718,146,517,16.7,16.69,16.68,16.67,16.66,237,841,473,1267,1287,0
2020-01-02 09:45:15,16.7,435.000,726400.000,16.7,16.71,16.72,16.73,16.74,467,496,1096,718,146,16.69,16.68,16.67,16.66,16.65,832,484,1267,1287,2429,0
2020-01-02 09:45:18,16.7,2885.000,4819584.000,16.72,16.73,16.74,16.75,16.76,530,718,146,518,134,16.71,16.7,16.69,16.68,16.67,3,16,829,775,1249,1
2020-01-02 09:45:21,16.7,238.000,397312.000,16.71,16.72,16.73,16.74,16.75,382,530,718,144,518,16.7,16.69,16.68,16.67,16.66,24,658,785,1243,1291,0
2020-01-02 09:45:24,16.71,40.000,66816.000,16.71,16.72,16.73,16.74,16.75,371,531,718,144,518,16.7,16.69,16.68,16.67,16.66,1139,679,801,1243,1291,1
2020-01-02 09:45:27,16.7,446.000,744896.000,16.71,16.72,16.73,16.74,16.75,290,531,718,144,518,16.7,16.69,16.68,16.67,16.66,873,695,855,1243,1291,0
2020-01-02 09:45:30,16.7,340.000,567872.000,16.71,16.72,16.73,16.74,16.75,243,531,718,144,518,16.7,16.69,16.68,16.67,16.66,652,695,862,1243,1291,0
2020-01-02 09:45:33,16.7,789.000,1318400.000,16.72,16.73,16.74,16.75,16.76,367,718,144,518,134,16.7,16.69,16.68,16.67,16.66,396,645,862,1243,1291,0
2020-01-02 09:45:36,16.72,206.000,344320.000,16.72,16.73,16.74,16.75,16.76,243,718,144,518,134,16.71,16.7,16.69,16.68,16.67,70,2891,646,882,1243,1
2020-01-02 09:45:39,16.71,65.000,108608.000,16.72,16.73,16.74,16.75,16.76,424,718,144,519,134,16.71,16.7,16.69,16.68,16.67,72,2924,873,882,1370,0
2020-01-02 09:45:42,16.71,296.000,494656.000,16.71,16.72,16.73,16.74,16.75,158,472,718,144,519,16.7,16.69,16.68,16.67,16.66,2935,924,922,1370,1291,0
2020-01-02 09:45:45,16.71,1124.000,1877248.000,16.72,16.73,16.74,16.75,16.76,492,718,144,534,134,16.71,16.7,16.69,16.68,16.67,94,1984,1024,922,1370,1
2020-01-02 09:45:48,16.71,45.000,75136.000,16.72,16.73,16.74,16.75,16.76,492,718,144,534,134,16.71,16.7,16.69,16.68,16.67,1078,2013,1024,916,1343,0
2020-01-02 09:45:51,16.71,56.000,93632.000,16.72,16.73,16.74,16.75,16.76,494,718,144,534,134,16.71,16.7,16.69,16.68,16.67,1076,2026,1024,916,1343,0
2020-01-02 09:45:54,16.72,404.000,675264.000,16.72,16.73,16.74,16.75,16.76,467,718,149,534,124,16.71,16.7,16.69,16.68,16.67,1036,2040,1007,816,1343,1
2020-01-02 09:45:57,16.72,295.000,492992.000,16.72,16.73,16.74,16.75,16.76,620,718,149,543,124,16.71,16.7,16.69,16.68,16.67,886,2092,1007,861,1343,1
2020-01-02 09:46:00,16.72,125.000,209024.000,16.72,16.73,16.74,16.75,16.76,689,718,149,543,124,16.71,16.7,16.69,16.68,16.67,890,2102,1007,861,1340,1
2020-01-02 09:46:03,16.71,195.000,325888.000,16.72,16.73,16.74,16.75,16.76,898,718,149,523,124,16.71,16.7,16.69,16.68,16.67,788,2112,1005,978,1340,0
2020-01-02 09:46:06,16.71,830.000,1386944.000,16.71,16.72,16.73,16.74,16.75,56,913,718,149,523,16.7,16.69,16.68,16.67,16.66,2162,1005,687,1340,1232,0
2020-01-02 09:46:09,16.71,992.000,1658368.000,16.71,16.72,16.73,16.74,16.75,13,343,738,149,523,16.7,16.69,16.68,16.67,16.66,2177,991,687,1340,1232,1
2020-01-02 09:46:12,16.71,72.000,120384.000,16.71,16.72,16.73,16.74,16.75,56,324,738,149,526,16.7,16.69,16.68,16.67,16.66,2177,991,689,1365,1222,1
2020-01-02 09:46:15,16.71,47.000,78528.000,16.71,16.72,16.73,16.74,16.75,195,329,738,149,526,16.7,16.69,16.68,16.67,16.66,2166,976,694,1365,1232,1
2020-01-02 09:46:18,16.71,235.000,392576.000,16.71,16.72,16.73,16.74,16.75,1198,346,738,149,526,16.7,16.69,16.68,16.67,16.66,2069,976,707,1365,1232,1
2020-01-02 09:46:21,16.71,262.000,437696.000,16.71,16.72,16.73,16.74,16.75,1016,347,738,149,526,16.7,16.69,16.68,16.67,16.66,2003,976,714,1345,1245,1
2020-01-02 09:46:24,16.72,2100.000,3510848.000,16.73,16.74,16.75,16.76,16.77,77,149,526,124,225,16.72,16.71,16.7,16.69,16.68,426,60,2003,976,724,1
2020-01-02 09:46:27,16.71,480.000,802560.000,16.72,16.73,16.74,16.75,16.76,30,77,148,526,124,16.71,16.7,16.69,16.68,16.67,168,2045,976,724,1339,0
2020-01-02 09:46:30,16.71,140.000,233984.000,16.72,16.73,16.74,16.75,16.76,35,77,148,526,124,16.71,16.7,16.69,16.68,16.67,79,2267,961,724,1341,0
2020-01-02 09:46:33,16.71,178.000,297408.000,16.71,16.72,16.73,16.74,16.75,176,133,87,148,526,16.7,16.69,16.68,16.67,16.66,2261,961,754,1341,1245,0
2020-01-02 09:46:36,16.71,194.000,324032.000,16.71,16.72,16.73,16.74,16.75,148,133,109,163,526,16.7,16.69,16.68,16.67,16.66,2110,961,757,1341,1245,1
2020-01-02 09:46:39,16.71,63.000,105216.000,16.71,16.72,16.73,16.74,16.75,285,140,109,163,529,16.7,16.69,16.68,16.67,16.66,2143,961,762,1348,1245,1
2020-01-02 09:46:42,16.71,89.000,148736.000,16.71,16.72,16.73,16.74,16.75,303,145,109,163,550,16.7,16.69,16.68,16.67,16.66,2316,1261,754,1348,1249,1
2020-01-02 09:46:45,16.71,123.000,205504.000,16.71,16.72,16.73,16.74,16.75,420,145,109,163,570,16.7,16.69,16.68,16.67,16.66,2334,1261,764,1388,1249,1
2020-01-02 09:46:48,16.71,1090.000,1820352.000,16.71,16.72,16.73,16.74,16.75,542,145,114,163,342,16.7,16.69,16.68,16.67,16.66,1341,1361,764,1388,1252,1
2020-01-02 09:46:51,16.71,166.000,277376.000,16.71,16.72,16.73,16.74,16.75,618,147,114,163,342,16.7,16.69,16.68,16.67,16.66,1531,1361,764,1390,1273,1
2020-01-02 09:46:54,16.71,352.000,588032.000,16.71,16.72,16.73,16.74,16.75,566,147,114,163,332,16.7,16.69,16.68,16.67,16.66,1321,1411,764,1390,1273,1
2020-01-02 09:46:57,16.71,1037.000,1731968.000,16.71,16.72,16.73,16.74,16.75,377,134,124,163,334,16.7,16.69,16.68,16.67,16.66,546,1411,759,1390,1273,1
2020-01-02 09:47:00,16.71,1701.000,2842112.000,16.72,16.73,16.74,16.75,16.76,6,124,163,383,124,16.71,16.69,16.68,16.67,16.66,319,1424,781,1390,1278,1
2020-01-02 09:47:03,16.71,348.000,581504.000,16.72,16.73,16.74,16.75,16.76,5,154,153,383,124,16.71,16.7,16.69,16.68,16.67,37,10,1424,781,1390,0
2020-01-02 09:47:06,16.71,259.000,432768.000,16.71,16.72,16.73,16.74,16.75,82,15,154,153,383,16.7,16.69,16.68,16.67,16.66,79,1424,781,1390,1278,0
2020-01-02 09:47:09,16.7,245.000,409152.000,16.7,16.71,16.72,16.73,16.74,802,67,20,154,153,16.69,16.68,16.67,16.66,16.65,1416,789,1256,1278,2761,0
2020-01-02 09:47:12,16.71,1154.000,1926208.000,16.71,16.72,16.73,16.74,16.75,133,20,154,153,383,16.7,16.69,16.68,16.67,16.66,31,364,789,1256,1278,1
2020-01-02 09:47:15,16.69,41.000,68416.000,16.7,16.71,16.72,16.73,16.74,1032,134,114,154,153,16.69,16.68,16.67,16.66,16.65,354,789,1256,1288,2751,0
2020-01-02 09:47:18,16.69,532.000,887936.000,16.69,16.7,16.71,16.72,16.73,692,20,137,164,154,16.68,16.67,16.66,16.65,16.64,784,1256,1288,2751,845,0
2020-01-02 09:47:21,16.72,1647.000,2749632.000,16.73,16.74,16.75,16.76,16.77,154,153,383,124,225,16.72,16.71,16.7,16.69,16.68,56,249,50,116,54,1
2020-01-02 09:47:24,16.68,751.000,1253888.000,16.7,16.72,16.73,16.74,16.75,100,697,148,153,386,16.69,16.67,16.66,16.65,16.64,777,1256,1288,2771,845,0
2020-01-02 09:47:27,16.73,1315.000,2198144.000,16.74,16.75,16.76,16.77,16.78,153,386,124,225,396,16.73,16.69,16.68,16.67,16.66,685,822,5,1231,1288,1
2020-01-02 09:47:30,16.7,905.000,1514368.000,16.7,16.71,16.72,16.73,16.74,80,16,20,1100,153,16.69,16.68,16.67,16.66,16.65,919,42,1231,1288,2779,0
2020-01-02 09:47:33,16.7,41.000,68480.000,16.7,16.71,16.72,16.73,16.74,274,16,628,1153,153,16.69,16.68,16.67,16.66,16.65,1085,43,1239,1288,2779,1
2020-01-02 09:47:36,16.7,363.000,605888.000,16.7,16.71,16.72,16.73,16.74,211,116,766,1163,163,16.69,16.68,16.67,16.66,16.65,786,71,1225,1288,2782,1
2020-01-02 09:47:39,16.7,143.000,238784.000,16.7,16.71,16.72,16.73,16.74,271,116,791,1163,163,16.69,16.68,16.67,16.66,16.65,786,103,1225,1288,2782,1
2020-01-02 09:47:42,16.7,223.000,372352.000,16.7,16.71,16.72,16.73,16.74,98,142,656,1178,163,16.69,16.68,16.67,16.66,16.65,831,123,1230,1288,2779,1
2020-01-02 09:47:45,16.7,77.000,128576.000,16.7,16.71,16.72,16.73,16.74,1141,171,741,1192,143,16.69,16.68,16.67,16.66,16.65,1101,215,1230,1290,2774,1
2020-01-02 09:47:48,16.7,951.000,1587264.000,16.7,16.71,16.72,16.73,16.74,1256,171,812,901,143,16.69,16.68,16.67,16.66,16.65,203,269,1230,1310,2476,1
2020-01-02 09:47:51,16.69,367.000,612608.000,16.69,16.7,16.71,16.72,16.73,441,1261,194,812,1001,16.68,16.67,16.66,16.65,16.64,324,1230,1316,2476,855,0
2020-01-02 09:47:54,16.69,387.000,645568.000,16.69,16.7,16.71,16.72,16.73,481,1268,178,807,1001,16.68,16.67,16.66,16.65,16.64,98,1250,1316,2476,855,1
2020-01-02 09:47:57,16.68,236.000,393664.000,16.68,16.69,16.7,16.71,16.72,102,654,1237,178,477,16.67,16.66,16.65,16.64,16.63,1250,1290,2466,855,1897,0
2020-01-02 09:48:00,16.69,960.000,1600960.000,16.69,16.7,16.71,16.72,16.73,457,1237,178,477,1009,16.68,16.67,16.66,16.65,16.64,31,653,1270,2466,855,1
2020-01-02 09:48:03,16.7,2410.000,4022784.000,16.71,16.72,16.73,16.74,16.75,178,467,1012,245,466,16.7,16.69,16.68,16.67,16.66,55,212,52,260,1270,1
2020-01-02 09:48:06,16.7,277.000,462400.000,16.7,16.71,16.72,16.73,16.74,40,188,467,980,245,16.69,16.68,16.67,16.66,16.65,1018,1318,263,1290,2471,0
2020-01-02 09:48:09,16.69,26.000,43392.000,16.7,16.71,16.72,16.73,16.74,422,188,467,980,245,16.69,16.68,16.67,16.66,16.65,1015,1352,252,1319,2471,0
2020-01-02 09:48:12,16.7,347.000,579200.000,16.7,16.71,16.72,16.73,16.74,499,188,469,980,245,16.69,16.68,16.67,16.66,16.65,673,1382,279,1344,2476,1
2020-01-02 09:48:15,16.69,813.000,1356992.000,16.69,16.7,16.71,16.72,16.73,52,455,188,459,980,16.68,16.67,16.66,16.65,16.64,1419,279,1344,2486,955,0
2020-01-02 09:48:18,16.69,46.000,76736.000,16.69,16.7,16.71,16.72,16.73,857,523,188,459,980,16.68,16.67,16.66,16.65,16.64,1388,284,1334,2493,955,1
2020-01-02 09:48:21,16.68,1526.000,2545408.000,16.68,16.69,16.7,16.71,16.72,2144,805,523,198,459,16.67,16.66,16.65,16.64,16.63,294,1334,2493,1005,1907,0
2020-01-02 09:48:24,16.68,448.000,746880.000,16.68,16.69,16.7,16.71,16.72,2121,844,482,198,459,16.66,16.65,16.64,16.63,16.62,1334,2486,1005,1907,848,1
2020-01-02 09:48:27,16.68,1085.000,1807616.000,16.68,16.69,16.7,16.71,16.72,2115,848,493,222,459,16.66,16.65,16.64,16.63,16.62,343,2496,1005,1907,848,1
2020-01-02 09:48:30,16.68,452.000,753152.000,16.68,16.69,16.7,16.71,16.72,2131,848,498,222,463,16.66,16.65,16.64,16.63,16.62,5,2584,1005,1907,848,1
2020-01-02 09:48:33,16.66,299.000,498176.000,16.67,16.68,16.69,16.7,16.71,23,2133,898,498,222,16.66,16.65,16.64,16.63,16.62,356,2579,1005,1907,867,0
2020-01-02 09:48:36,16.66,72.000,119936.000,16.67,16.68,16.69,16.7,16.71,11,2134,898,498,222,16.66,16.65,16.64,16.63,16.62,311,2587,1005,1907,867,0
2020-01-02 09:48:39,16.66,434.000,723264.000,16.66,16.68,16.69,16.7,16.71,64,2050,914,498,222,16.65,16.64,16.63,16.62,16.61,2607,1085,1907,867,1847,0
2020-01-02 09:48:42,16.66,342.000,569792.000,16.66,16.68,16.69,16.7,16.71,167,2050,914,488,222,16.65,16.64,16.63,16.62,16.61,2635,1069,1907,867,1851,1
2020-01-02 09:48:45,16.65,164.000,273152.000,16.66,16.68,16.69,16.7,16.71,101,2052,909,733,229,16.65,16.64,16.63,16.62,16.61,2591,1039,1907,867,1851,0
2020-01-02 09:48:48,16.66,1299.000,2162944.000,16.66,16.68,16.69,16.7,16.71,2,2062,909,733,229,16.65,16.64,16.63,16.62,16.61,1409,1039,1987,867,1851,1
2020-01-02 09:48:52,16.65,128.000,213248.000,16.66,16.68,16.69,16.7,16.71,19,2050,903,733,235,16.65,16.64,16.63,16.62,16.61,1413,1052,1987,867,1851,0
2020-01-02 09:48:54,16.65,1772.000,2950336.000,16.65,16.66,16.68,16.69,16.7,337,32,2250,903,744,16.64,16.63,16.62,16.61,16.6,962,2057,867,1854,3896,0
2020-01-02 09:48:57,16.65,168.000,279744.000,16.65,16.66,16.68,16.69,16.7,520,159,2250,903,750,16.64,16.63,16.62,16.61,16.6,952,2057,947,1854,3886,1
2020-01-02 09:49:00,16.65,70.000,116480.000,16.65,16.66,16.67,16.68,16.69,641,159,20,2250,883,16.64,16.63,16.62,16.61,16.6,942,2057,960,1854,4393,1
2020-01-02 09:49:03,16.64,644.000,1072064.000,16.65,16.66,16.67,16.68,16.69,427,159,20,2050,883,16.64,16.63,16.62,16.61,16.6,1470,2057,1009,1934,4393,0
2020-01-02 09:49:06,16.64,1079.000,1795648.000,16.65,16.66,16.67,16.68,16.69,669,159,20,2051,883,16.64,16.63,16.62,16.61,16.6,559,2057,1009,1936,4398,0
2020-01-02 09:49:09,16.64,220.000,366080.000,16.65,16.66,16.67,16.68,16.69,641,169,20,2051,883,16.64,16.63,16.62,16.61,16.6,421,2057,1014,1941,4398,0
2020-01-02 09:49:12,16.64,392.000,652544.000,16.65,16.66,16.67,16.68,16.69,435,169,20,2049,883,16.64,16.63,16.62,16.61,16.6,1379,2037,1064,1991,4501,0
2020-01-02 09:49:15,16.64,393.000,653952.000,16.65,16.66,16.67,16.68,16.69,720,169,20,2049,833,16.64,16.63,16.62,16.61,16.6,1411,2041,1064,2007,4513,0
2020-01-02 09:49:18,16.64,750.000,1248128.000,16.65,16.66,16.67,16.68,16.69,598,169,20,2049,833,16.64,16.63,16.62,16.61,16.6,850,2049,1064,2007,4503,0
2020-01-02 09:49:21,16.65,438.000,728960.000,16.65,16.66,16.67,16.68,16.69,579,169,20,2049,833,16.64,16.63,16.62,16.61,16.6,669,2062,1081,2017,4503,1
2020-01-02 09:49:24,16.64,393.000,654080.000,16.65,16.66,16.67,16.68,16.69,451,103,20,2049,833,16.64,16.63,16.62,16.61,16.6,480,2062,1083,2034,4548,0
2020-01-02 09:49:27,16.65,1222.000,2033152.000,16.64,16.65,16.66,16.67,16.68,7,320,103,20,2039,16.63,16.62,16.61,16.6,16.59,2173,1083,2059,4551,1032,1
2020-01-02 09:49:30,16.64,188.000,312832.000,16.64,16.65,16.66,16.67,16.68,50,320,103,20,2039,16.63,16.62,16.61,16.6,16.59,2163,1083,2079,4048,1032,0
2020-01-02 09:49:33,16.64,42.000,69888.000,16.64,16.65,16.66,16.67,16.68,143,338,103,287,2049,16.63,16.62,16.61,16.6,16.59,2164,1083,2079,4053,1032,1
2020-01-02 09:49:36,16.64,156.000,259584.000,16.64,16.65,16.66,16.67,16.68,25,338,107,287,2049,16.63,16.62,16.61,16.6,16.59,2173,1083,2089,4058,1032,1
2020-01-02 09:49:39,16.64,421.000,700800.000,16.65,16.66,16.67,16.68,16.69,74,129,287,2019,833,16.64,16.63,16.62,16.61,16.6,50,2293,1083,2119,4573,1
2020-01-02 09:49:42,16.65,240.000,399360.000,16.65,16.66,16.67,16.68,16.69,102,129,287,2024,833,16.64,16.63,16.62,16.61,16.6,93,2310,1085,2130,4513,1
2020-01-02 09:49:45,16.64,69.000,114816.000,16.65,16.66,16.67,16.68,16.69,102,68,287,2024,833,16.64,16.63,16.62,16.61,16.6,149,2363,1092,2130,4523,0
2020-01-02 09:49:48,16.64,1006.000,1674048.000,16.65,16.66,16.67,16.68,16.69,83,68,587,2024,833,16.64,16.63,16.62,16.61,16.6,67,2363,1142,2130,4534,0
2020-01-02 09:49:51,16.65,117.000,194752.000,16.65,16.66,16.67,16.68,16.69,48,68,587,2024,833,16.64,16.63,16.62,16.61,16.6,218,2353,1146,2130,4542,1
2020-01-02 09:49:54,16.65,103.000,171392.000,16.65,16.66,16.67,16.68,16.69,4,68,599,2024,833,16.64,16.63,16.62,16.61,16.6,324,2381,1146,2132,4542,1
2020-01-02 09:49:57,16.65,412.000,686272.000,16.65,16.66,16.67,16.68,16.69,294,52,599,2024,913,16.64,16.63,16.62,16.61,16.6,67,2386,1146,2137,4610,1
2020-01-02 09:50:00,16.65,136.000,226368.000,16.65,16.66,16.67,16.68,16.69,217,52,599,2024,913,16.64,16.63,16.62,16.61,16.6,381,2445,1150,2140,4660,1
2020-01-02 09:50:03,16.65,171.000,284672.000,16.65,16.66,16.67,16.68,16.69,112,62,601,2024,913,16.64,16.63,16.62,16.61,16.6,338,2455,1170,2140,4663,1
2020-01-02 09:50:06,16.64,511.000,849792.000,16.64,16.65,16.66,16.67,16.68,539,95,62,601,2012,16.63,16.62,16.61,16.6,16.59,2456,1170,2138,4664,1032,0
2020-01-02 09:50:10,16.64,465.000,773760.000,16.64,16.65,16.66,16.67,16.68,77,197,62,604,2012,16.63,16.62,16.61,16.6,16.59,2460,1180,2138,4674,1032,1
2020-01-02 09:50:12,16.64,281.000,468224.000,16.65,16.66,16.67,16.68,16.69,187,62,604,2012,893,16.64,16.63,16.62,16.61,16.6,137,2470,1180,2338,4674,1
2020-01-02 09:50:15,16.65,292.000,486080.000,16.65,16.66,16.67,16.68,16.69,12,62,609,2012,893,16.64,16.63,16.62,16.61,16.6,1390,2969,1280,2371,4784,1
2020-01-02 09:50:18,16.67,761.000,1267136.000,16.67,16.68,16.69,16.7,16.71,597,2012,893,1174,309,16.66,16.65,16.64,16.63,16.62,97,143,2083,3205,1280,1
2020-01-02 09:50:22,16.66,115.000,191680.000,16.67,16.68,16.69,16.7,16.71,564,2012,893,1204,309,16.66,16.65,16.64,16.63,16.62,46,105,2097,3205,1282,0
2020-01-02 09:50:24,16.66,128.000,213248.000,16.66,16.67,16.68,16.69,16.7,5,552,2012,893,1206,16.65,16.64,16.63,16.62,16.61,148,2115,3738,1282,2371,0
2020-01-02 09:50:27,16.65,555.000,924160.000,16.65,16.66,16.67,16.68,16.69,1207,34,500,2012,893,16.64,16.63,16.62,16.61,16.6,2134,3737,1291,2371,4803,0
2020-01-02 09:50:30,16.65,135.000,224832.000,16.65,16.66,16.67,16.68,16.69,1082,74,500,2012,893,16.64,16.63,16.62,16.61,16.6,2134,3732,1291,2371,4838,1
2020-01-02 09:50:33,16.65,85.000,141440.000,16.65,16.66,16.67,16.68,16.69,1219,94,600,2012,893,16.64,16.63,16.62,16.61,16.6,2194,3717,1291,2374,4843,1
2020-01-02 09:50:36,16.65,123.000,204800.000,16.65,16.66,16.67,16.68,16.69,1113,113,600,2012,893,16.64,16.63,16.62,16.61,16.6,2534,3730,1281,2384,4843,1
2020-01-02 09:50:39,16.65,1554.000,2587008.000,16.66,16.67,16.68,16.69,16.7,113,588,2012,893,1288,16.65,16.64,16.63,16.62,16.61,22,2195,3730,1281,2389,1
2020-01-02 09:50:42,16.65,1178.000,1960320.000,16.65,16.66,16.67,16.68,16.69,97,115,588,2012,893,16.64,16.63,16.62,16.61,16.6,1602,3710,1281,2400,4903,0
2020-01-02 09:50:45,16.66,191.000,318080.000,16.66,16.67,16.68,16.69,16.7,88,618,2012,903,1288,16.65,16.64,16.63,16.62,16.61,631,1302,3710,1281,2390,1
2020-01-02 09:50:48,16.65,1706.000,2840000.000,16.67,16.68,16.69,16.7,16.71,482,2012,903,1288,312,16.65,16.64,16.63,16.62,16.61,22,935,3730,1281,2395,0
2020-01-02 09:50:52,16.64,1086.000,1807424.000,16.65,16.66,16.67,16.68,16.69,39,511,474,2012,903,16.64,16.63,16.62,16.61,16.6,394,3752,1281,2410,5015,0
2020-01-02 09:50:54,16.65,64.000,106560.000,16.66,16.67,16.68,16.69,16.7,515,474,2022,903,1280,16.65,16.64,16.63,16.62,16.61,29,408,3757,1281,2435,1
2020-01-02 09:50:57,16.65,289.000,481024.000,16.65,16.66,16.67,16.68,16.69,605,522,474,2021,887,16.64,16.63,16.62,16.61,16.6,134,3757,1281,2435,5018,0
2020-01-02 09:51:00,16.64,421.000,700608.000,16.64,16.65,16.66,16.67,16.68,403,679,675,474,2021,16.63,16.62,16.61,16.6,16.59,3757,1276,2435,5023,893,0
2020-01-02 09:51:03,16.63,306.000,509184.000,16.64,16.65,16.66,16.67,16.68,116,740,1497,480,2021,16.63,16.62,16.61,16.6,16.59,3748,1286,2455,5023,893,0
2020-01-02 09:51:06,16.64,1138.000,1894848.000,16.66,16.67,16.68,16.69,16.7,1450,480,2021,887,1280,16.64,16.63,16.62,16.61,16.6,16,3775,1288,2456,5018,1
2020-01-02 09:51:09,16.63,501.000,833216.000,16.64,16.65,16.66,16.67,16.68,96,51,1460,480,2021,16.63,16.62,16.61,16.6,16.59,3311,1288,2456,5019,893,0
2020-01-02 09:51:12,16.62,3570.000,5936896.000,16.63,16.64,16.65,16.66,16.67,82,1020,82,1266,480,16.62,16.61,16.6,16.59,16.58,1198,2456,5054,893,1786,0
2020-01-02 09:51:15,16.63,153.000,254464.000,16.63,16.64,16.65,16.66,16.67,43,2024,89,1653,480,16.62,16.61,16.6,16.59,16.58,1175,2456,5054,893,1786,1
2020-01-02 09:51:18,16.61,1268.000,2107328.000,16.63,16.64,16.65,16.66,16.67,283,2008,39,1663,480,16.61,16.6,16.59,16.58,16.57,2395,5078,893,1811,566,0
2020-01-02 09:51:21,16.62,665.000,1104704.000,16.62,16.63,16.64,16.65,16.66,4,283,2008,49,1663,16.61,16.6,16.59,16.58,16.57,1831,5207,893,1811,566,1
2020-01-02 09:51:24,16.62,233.000,387136.000,16.62,16.63,16.64,16.65,16.66,140,306,2008,49,1672,16.61,16.6,16.59,16.58,16.57,1730,5207,893,1811,566,1
2020-01-02 09:51:27,16.62,332.000,551488.000,16.62,16.63,16.64,16.65,16.66,92,283,2008,49,1666,16.61,16.6,16.59,16.58,16.57,1482,5227,893,1824,566,1
2020-01-02 09:51:30,16.62,2112.000,3513792.000,16.64,16.65,16.66,16.67,16.68,314,24,1666,581,2016,16.62,16.61,16.6,16.59,16.58,77,1477,5289,893,1824,1
2020-01-02 09:51:33,16.62,521.000,865600.000,16.62,16.63,16.64,16.65,16.66,25,2,298,19,1666,16.61,16.6,16.59,16.58,16.57,1151,5309,896,1827,566,0
2020-01-02 09:51:36,16.61,2056.000,3414272.000,16.61,16.62,16.63,16.64,16.65,523,6,2,296,19,16.6,16.59,16.58,16.57,16.56,4742,896,1827,566,732,0
2020-01-02 09:51:39,16.61,163.000,270784.000,16.61,16.62,16.63,16.64,16.65,380,27,2,296,54,16.6,16.59,16.58,16.57,16.56,4881,896,1827,566,632,1
2020-01-02 09:51:42,16.62,2458.000,4080960.000,16.63,16.64,16.65,16.66,16.67,22,296,88,1662,591,16.62,16.61,16.6,16.59,16.58,329,1514,2764,900,1847,1
2020-01-02 09:51:45,16.62,68.000,113024.000,16.63,16.64,16.65,16.66,16.67,83,301,93,1662,591,16.62,16.61,16.6,16.59,16.58,373,1569,2864,921,1850,0
2020-01-02 09:51:48,16.63,335.000,556928.000,16.64,16.65,16.66,16.67,16.68,306,120,1662,591,2022,16.63,16.62,16.61,16.6,16.59,105,257,1664,2836,921,1
2020-01-02 09:51:51,16.66,2663.000,4429952.000,16.66,16.67,16.68,16.69,16.7,913,691,2102,967,949,16.63,16.61,16.6,16.59,16.58,5,1556,2879,921,1860,1
2020-01-02 09:51:54,16.63,195.000,324096.000,16.63,16.65,16.66,16.67,16.68,110,9,913,691,2102,16.62,16.61,16.6,16.59,16.58,83,1596,2910,934,1860,0
2020-01-02 09:51:57,16.62,1258.000,2092608.000,16.62,16.63,16.66,16.67,16.68,260,9,425,746,2102,16.61,16.6,16.59,16.58,16.57,1311,2929,934,1860,569,0
2020-01-02 09:52:00,16.62,1477.000,2453824.000,16.62,16.63,16.65,16.66,16.67,77,25,5,425,746,16.61,16.6,16.59,16.58,16.57,347,3049,1014,1877,569,1
2020-01-02 09:52:03,16.61,531.000,882048.000,16.61,16.62,16.63,16.65,16.66,261,388,25,7,425,16.6,16.59,16.58,16.57,16.56,3068,1024,1882,569,732,0
2020-01-02 09:52:06,16.61,196.000,325568.000,16.61,16.62,16.63,16.65,16.66,1537,395,25,7,425,16.6,16.59,16.58,16.57,16.56,3076,1024,1892,569,834,1
2020-01-02 09:52:09,16.61,829.000,1376384.000,16.61,16.62,16.63,16.65,16.66,1336,395,25,11,542,16.6,16.59,16.58,16.57,16.56,2476,1024,1972,569,834,1
2020-01-02 09:52:12,16.61,515.000,855360.000,16.61,16.62,16.63,16.65,16.66,940,395,25,30,542,16.6,16.59,16.58,16.57,16.56,2462,1024,1974,569,835,1
2020-01-02 09:52:15,16.6,1792.000,2974976.000,16.61,16.62,16.63,16.65,16.66,733,395,31,30,1540,16.6,16.59,16.58,16.57,16.56,998,1014,1980,569,843,0
2020-01-02 09:52:18,16.6,1155.000,1917376.000,16.6,16.61,16.62,16.63,16.65,399,623,395,31,30,16.59,16.58,16.57,16.56,16.55,1021,2065,569,844,1113,0
2020-01-02 09:52:21,16.6,1147.000,1903296.000,16.6,16.61,16.62,16.63,16.65,661,622,395,31,30,16.59,16.58,16.57,16.56,16.55,319,2058,637,844,1108,1
2020-01-02 09:52:24,16.59,519.000,861056.000,16.59,16.6,16.61,16.62,16.63,658,982,560,395,31,16.58,16.57,16.56,16.55,16.54,2089,657,844,1204,338,0
2020-01-02 09:52:27,16.58,355.000,588992.000,16.59,16.6,16.61,16.62,16.63,3321,1206,561,396,31,16.58,16.57,16.56,16.55,16.54,2083,657,849,1204,338,0
2020-01-02 09:52:30,16.59,142.000,235520.000,16.59,16.6,16.61,16.62,16.63,3209,1212,566,396,31,16.58,16.57,16.56,16.55,16.54,2112,672,949,1201,338,1
2020-01-02 09:52:33,16.59,967.000,1603584.000,16.59,16.6,16.61,16.62,16.63,2938,1223,572,396,25,16.58,16.57,16.56,16.55,16.54,1451,672,949,1251,338,1
2020-01-02 09:52:36,16.59,1491.000,2472448.000,16.59,16.6,16.61,16.62,16.63,2601,1225,572,396,25,16.58,16.57,16.56,16.55,16.54,318,672,950,1349,446,1
2020-01-02 09:52:39,16.59,1345.000,2230336.000,16.59,16.6,16.61,16.62,16.63,2243,1217,571,396,25,16.57,16.56,16.55,16.54,16.53,672,997,1350,456,269,1
2020-01-02 09:52:42,16.58,332.000,550336.000,16.58,16.59,16.6,16.61,16.62,1313,2180,1217,571,396,16.57,16.56,16.55,16.54,16.53,468,1236,1357,456,268,0
2020-01-02 09:52:46,16.57,103.000,170688.000,16.58,16.59,16.6,16.61,16.62,1365,2178,1217,561,396,16.57,16.56,16.55,16.54,16.53,614,1316,1417,476,268,0
2020-01-02 09:52:48,16.57,1603.000,2657280.000,16.58,16.59,16.6,16.61,16.62,312,2178,1207,554,396,16.57,16.56,16.55,16.54,16.53,103,1316,1555,556,268,0
2020-01-02 09:52:51,16.57,852.000,1411200.000,16.57,16.58,16.59,16.6,16.61,238,270,2278,1233,554,16.56,16.55,16.54,16.53,16.52,730,1575,556,272,359,0
2020-01-02 09:52:54,16.57,87.000,144128.000,16.57,16.58,16.59,16.6,16.61,209,272,2269,1229,552,16.56,16.55,16.54,16.53,16.52,777,1573,556,278,359,1
2020-01-02 09:52:57,16.57,1300.000,2152960.000,16.58,16.59,16.6,16.61,16.62,114,2264,889,536,396,16.57,16.56,16.55,16.54,16.53,65,68,1420,559,358,1
2020-01-02 09:53:00,16.56,257.000,425856.000,16.57,16.58,16.59,16.6,16.61,497,129,2264,889,534,16.56,16.55,16.54,16.53,16.52,389,1418,571,368,379,0
2020-01-02 09:53:03,16.56,1052.000,1742464.000,16.57,16.58,16.59,16.6,16.61,214,249,2264,886,534,16.56,16.55,16.54,16.53,16.52,5226,1473,586,365,386,0
2020-01-02 09:53:07,16.57,1207.000,2000000.000,16.58,16.59,16.6,16.61,16.62,151,2264,886,534,389,16.57,16.56,16.55,16.54,16.53,1107,5307,1543,586,408,1
2020-01-02 09:53:09,16.58,1452.000,2406784.000,16.59,16.6,16.61,16.62,16.63,2268,888,534,389,26,16.58,16.57,16.56,16.55,16.54,155,519,5367,1756,591,1
2020-01-02 09:53:12,16.58,830.000,1375488.000,16.58,16.59,16.6,16.61,16.62,13,2166,882,534,389,16.57,16.56,16.55,16.54,16.53,436,5472,1767,591,402,0
2020-01-02 09:53:15,16.58,177.000,293504.000,16.58,16.59,16.6,16.61,16.62,80,2165,1012,534,389,16.57,16.56,16.55,16.54,16.53,551,5548,2289,591,402,1
2020-01-02 09:53:18,16.58,164.000,271872.000,16.58,16.59,16.6,16.61,16.62,467,2165,1012,534,389,16.57,16.56,16.55,16.54,16.53,619,5590,2400,591,402,1
2020-01-02 09:53:21,16.58,1400.000,2318528.000,16.58,16.59,16.6,16.61,16.62,483,2165,1007,534,389,16.57,16.56,16.55,16.54,16.53,24,5236,2423,621,412,1
2020-01-02 09:53:24,16.58,180.000,298368.000,16.58,16.59,16.6,16.61,16.62,363,2231,1005,535,389,16.57,16.56,16.55,16.54,16.53,152,5288,2439,621,402,1
2020-01-02 09:53:27,16.58,1012.000,1677824.000,16.59,16.6,16.61,16.62,16.63,2227,1005,535,389,26,16.58,16.57,16.56,16.55,16.54,75,335,5234,2338,619,1
2020-01-02 09:53:30,16.58,70.000,116032.000,16.59,16.6,16.61,16.62,16.63,2227,1005,535,389,26,16.58,16.57,16.56,16.55,16.54,94,572,5239,2355,619,0
2020-01-02 09:53:33,16.58,268.000,444416.000,16.59,16.6,16.61,16.62,16.63,2175,1005,535,389,26,16.58,16.57,16.56,16.55,16.54,86,1551,5345,2411,619,0
2020-01-02 09:53:36,16.59,93.000,154240.000,16.59,16.6,16.61,16.62,16.63,2099,1005,535,389,26,16.58,16.57,16.56,16.55,16.54,300,1716,5368,2411,623,1
2020-01-02 09:53:39,16.59,146.000,242240.000,16.59,16.6,16.61,16.62,16.63,1964,1005,535,389,23,16.58,16.57,16.56,16.55,16.54,444,1735,5331,2414,639,1
2020-01-02 09:53:42,16.58,713.000,1182144.000,16.58,16.59,16.6,16.61,16.62,68,1960,1005,535,389,16.57,16.56,16.55,16.54,16.53,2796,5341,2419,639,533,0
2020-01-02 09:53:45,16.59,201.000,333376.000,16.59,16.6,16.61,16.62,16.63,1836,1105,542,389,22,16.58,16.57,16.56,16.55,16.54,611,2870,5366,2429,647,1
2020-01-02 09:53:48,16.59,286.000,474432.000,16.59,16.6,16.61,16.62,16.63,1593,1107,542,469,22,16.58,16.57,16.56,16.55,16.54,837,2876,5366,2424,647,1
2020-01-02 09:53:51,16.59,202.000,335104.000,16.59,16.6,16.61,16.62,16.63,1392,1107,542,469,22,16.58,16.57,16.56,16.55,16.54,1562,3031,5353,2457,647,1
2020-01-02 09:53:54,16.59,508.000,842688.000,16.59,16.6,16.61,16.62,16.63,981,1107,542,469,22,16.58,16.57,16.56,16.55,16.54,1660,3087,5386,2455,657,1
2020-01-02 09:53:57,16.59,1184.000,1964224.000,16.6,16.61,16.62,16.63,16.64,1109,542,469,102,56,16.59,16.58,16.57,16.56,16.55,593,1841,3043,5376,2466,1
2020-01-02 09:54:00,16.59,1038.000,1722240.000,16.6,16.61,16.62,16.63,16.64,953,542,469,102,56,16.59,16.58,16.57,16.56,16.55,75,1890,2434,5367,2511,0
2020-01-02 09:54:03,16.59,253.000,419904.000,16.6,16.61,16.62,16.63,16.64,808,542,469,102,136,16.59,16.58,16.57,16.56,16.55,387,1862,2224,5377,2521,0
2020-01-02 09:54:06,16.6,280.000,464832.000,16.6,16.61,16.62,16.63,16.64,560,542,469,102,136,16.59,16.58,16.57,16.56,16.55,1250,1884,2108,5377,2534,1
2020-01-02 09:54:09,16.6,1434.000,2379264.000,16.6,16.61,16.62,16.63,16.64,158,542,469,102,2136,16.59,16.58,16.57,16.56,16.55,237,1893,2130,5377,2584,1
2020-01-02 09:54:12,16.6,182.000,302080.000,16.61,16.62,16.63,16.64,16.65,552,469,102,2136,122,16.6,16.59,16.58,16.57,16.56,23,566,1935,2137,5380,1
2020-01-02 09:54:15,16.6,579.000,961664.000,16.61,16.62,16.63,16.64,16.65,30,497,408,2136,122,16.6,16.59,16.58,16.57,16.56,182,655,1884,2176,5384,0
2020-01-02 09:54:18,16.62,347.000,576256.000,16.62,16.63,16.64,16.65,16.66,415,478,2136,154,622,16.6,16.59,16.58,16.57,16.56,500,699,1812,2194,5376,1
2020-01-02 09:54:21,16.62,153.000,254080.000,16.62,16.63,16.64,16.65,16.66,383,478,2136,154,622,16.61,16.6,16.59,16.58,16.57,2,725,792,1781,2204,1
2020-01-02 09:54:24,16.61,376.000,624896.000,16.62,16.63,16.64,16.65,16.66,37,508,2136,154,622,16.61,16.6,16.59,16.58,16.57,525,872,855,1735,2214,0
2020-01-02 09:54:27,16.64,2716.000,4518784.000,16.65,16.66,16.67,16.68,16.69,154,622,799,2135,983,16.64,16.62,16.61,16.6,16.59,311,5,945,964,840,1
2020-01-02 09:54:30,16.64,110.000,183040.000,16.65,16.66,16.67,16.68,16.69,186,622,799,2155,983,16.64,16.63,16.62,16.61,16.6,217,15,142,1190,979,0
2020-01-02 09:54:33,16.65,36.000,59968.000,16.65,16.66,16.67,16.68,16.69,162,622,799,2155,983,16.64,16.63,16.62,16.61,16.6,216,15,201,1155,948,1
2020-01-02 09:54:36,16.65,157.000,261440.000,16.65,16.66,16.67,16.68,16.69,17,622,799,2155,983,16.64,16.63,16.62,16.61,16.6,205,22,218,1155,974,1
2020-01-02 09:54:39,16.64,386.000,642304.000,16.64,16.65,16.66,16.67,16.68,435,1,622,693,2155,16.63,16.62,16.61,16.6,16.59,22,195,1155,997,1026,0
2020-01-02 09:54:42,16.66,1079.000,1796672.000,16.67,16.68,16.69,16.7,16.71,695,2157,983,1222,312,16.66,16.63,16.62,16.61,16.6,373,53,197,1241,1311,1
2020-01-02 09:54:46,16.66,388.000,646400.000,16.66,16.67,16.68,16.69,16.7,91,703,2157,983,1222,16.65,16.64,16.63,16.62,16.61,49,4,53,337,1241,0
2020-01-02 09:54:48,16.66,64.000,106624.000,16.66,16.67,16.68,16.69,16.7,38,703,2160,983,1222,16.65,16.64,16.63,16.62,16.61,239,698,247,386,1261,1
2020-01-02 09:54:51,16.65,141.000,234816.000,16.66,16.67,16.68,16.69,16.7,1933,733,2160,983,1222,16.65,16.64,16.63,16.62,16.61,184,723,252,398,765,0
2020-01-02 09:54:55,16.66,242.000,403136.000,16.66,16.67,16.68,16.69,16.7,1771,733,2160,983,1227,16.65,16.64,16.63,16.62,16.61,379,779,252,398,747,1
2020-01-02 09:54:57,16.65,424.000,706176.000,16.66,16.67,16.68,16.69,16.7,1557,733,2160,983,1231,16.65,16.64,16.63,16.62,16.61,266,781,252,414,697,0
2020-01-02 09:55:00,16.65,317.000,528000.000,16.66,16.67,16.68,16.69,16.7,4830,733,2160,983,1235,16.65,16.64,16.63,16.62,16.61,203,781,252,414,717,0
2020-01-02 09:55:03,16.65,589.000,981120.000,16.66,16.67,16.68,16.69,16.7,4406,733,2160,983,1235,16.65,16.64,16.63,16.62,16.61,260,773,272,414,717,0
2020-01-02 09:55:06,16.65,143.000,238144.000,16.66,16.67,16.68,16.69,16.7,5883,771,2160,983,1235,16.65,16.64,16.63,16.62,16.61,449,773,263,408,697,0
2020-01-02 09:55:09,16.66,643.000,1071232.000,16.66,16.67,16.68,16.69,16.7,5284,771,2160,993,1215,16.65,16.64,16.63,16.62,16.61,511,844,263,408,697,1
2020-01-02 09:55:12,16.66,930.000,1549312.000,16.66,16.67,16.68,16.69,16.7,4407,771,2160,993,1215,16.65,16.64,16.63,16.62,16.61,802,857,263,428,687,1
2020-01-02 09:55:15,16.66,1039.000,1731008.000,16.66,16.67,16.68,16.69,16.7,3386,767,2160,993,1215,16.65,16.64,16.63,16.62,16.61,949,855,266,428,687,1
2020-01-02 09:55:18,16.66,732.000,1219456.000,16.66,16.67,16.68,16.69,16.7,2702,765,2160,993,1230,16.65,16.64,16.63,16.62,16.61,975,855,266,430,687,1
2020-01-02 09:55:21,16.65,968.000,1612608.000,16.66,16.67,16.68,16.69,16.7,2031,765,2160,993,1230,16.65,16.64,16.63,16.62,16.61,896,266,266,430,693,0
2020-01-02 09:55:24,16.65,516.000,859648.000,16.66,16.67,16.68,16.69,16.7,1528,765,2175,993,1235,16.65,16.64,16.63,16.62,16.61,981,266,276,436,692,0
2020-01-02 09:55:27,16.66,178.000,296512.000,16.66,16.67,16.68,16.69,16.7,1405,765,2175,1006,1265,16.65,16.64,16.63,16.62,16.61,964,266,276,344,692,1
2020-01-02 09:55:30,16.66,62.000,103232.000,16.66,16.67,16.68,16.69,16.7,1376,766,2175,1006,1265,16.65,16.64,16.63,16.62,16.61,1953,266,276,344,702,1
2020-01-02 09:55:33,16.66,1579.000,2630656.000,16.66,16.67,16.68,16.69,16.7,168,750,2175,1006,1265,16.65,16.64,16.63,16.62,16.61,1936,266,266,344,702,1
2020-01-02 09:55:36,16.66,477.000,794624.000,16.67,16.68,16.69,16.7,16.71,753,2181,1006,1265,312,16.66,16.65,16.64,16.63,16.62,64,2090,286,266,445,1
2020-01-02 09:55:40,16.66,23.000,38400.000,16.67,16.68,16.69,16.7,16.71,751,2181,1006,1271,312,16.66,16.65,16.64,16.63,16.62,275,2082,297,266,445,0
2020-01-02 09:55:42,16.66,138.000,229888.000,16.67,16.68,16.69,16.7,16.71,996,2181,1006,1278,312,16.66,16.65,16.64,16.63,16.62,472,2102,297,266,445,0
2020-01-02 09:55:46,16.67,129.000,215040.000,16.67,16.68,16.69,16.7,16.71,924,2181,1006,1278,312,16.66,16.65,16.64,16.63,16.62,865,1799,297,266,445,1
2020-01-02 09:55:48,16.67,732.000,1220224.000,16.67,16.68,16.69,16.7,16.71,398,2181,1006,1282,312,16.66,16.65,16.64,16.63,16.62,1014,1963,297,266,393,1
2020-01-02 09:55:51,16.67,423.000,705152.000,16.68,16.69,16.7,16.71,16.72,2181,1006,1305,312,495,16.67,16.66,16.65,16.64,16.63,2,1028,1963,297,266,1
2020-01-02 09:55:54,16.67,64.000,106624.000,16.68,16.69,16.7,16.71,16.72,2185,1006,1305,312,495,16.67,16.66,16.65,16.64,16.63,75,1062,1861,208,266,0
2020-01-02 09:55:58,16.67,113.000,188416.000,16.68,16.69,16.7,16.71,16.72,2183,1006,1305,312,500,16.67,16.66,16.65,16.64,16.63,6,1064,1840,208,266,0
2020-01-02 09:56:01,16.67,877.000,1462016.000,16.68,16.69,16.7,16.71,16.72,1861,1006,1305,312,500,16.67,16.66,16.65,16.64,16.63,153,841,1871,208,266,0
2020-01-02 09:56:03,16.67,189.000,315136.000,16.68,16.69,16.7,16.71,16.72,1804,1006,1306,312,500,16.67,16.66,16.65,16.64,16.63,95,855,1869,169,276,0
2020-01-02 09:56:06,16.68,91.000,151680.000,16.68,16.69,16.7,16.71,16.72,1774,1006,1306,312,500,16.67,16.66,16.65,16.64,16.63,87,2265,1870,169,276,1
2020-01-02 09:56:09,16.67,716.000,1194240.000,16.68,16.69,16.7,16.71,16.72,1154,1006,1307,312,500,16.67,16.66,16.65,16.64,16.63,41,2265,1873,169,276,0
2020-01-02 09:56:12,16.67,139.000,231680.000,16.67,16.68,16.69,16.7,16.71,837,1150,1006,1317,312,16.66,16.65,16.64,16.63,16.62,2346,1873,169,276,362,0
2020-01-02 09:56:16,16.67,249.000,415104.000,16.67,16.68,16.69,16.7,16.71,621,1155,1006,1316,312,16.66,16.65,16.64,16.63,16.62,2350,1852,169,276,362,1
2020-01-02 09:56:18,16.67,568.000,946816.000,16.67,16.68,16.69,16.7,16.71,536,1155,1006,1316,317,16.66,16.65,16.64,16.63,16.62,2354,1903,169,306,362,1
2020-01-02 09:56:21,16.67,72.000,120064.000,16.67,16.68,16.69,16.7,16.71,634,1165,1006,1316,317,16.66,16.65,16.64,16.63,16.62,2364,1779,169,306,362,1
2020-01-02 09:56:24,16.66,389.000,648448.000,16.67,16.68,16.69,16.7,16.71,372,1189,1006,1309,317,16.66,16.65,16.64,16.63,16.62,2345,1786,169,348,362,0
2020-01-02 09:56:27,16.67,1825.000,3040512.000,16.67,16.68,16.69,16.7,16.71,308,1188,1006,1319,317,16.66,16.65,16.64,16.63,16.62,607,1771,189,348,360,1
2020-01-02 09:56:31,16.67,235.000,391808.000,16.67,16.68,16.69,16.7,16.71,1229,1340,1006,1314,317,16.66,16.65,16.64,16.63,16.62,615,1696,189,348,360,1
2020-01-02 09:56:33,16.66,689.000,1147904.000,16.66,16.67,16.68,16.69,16.7,178,3132,1339,1006,1314,16.65,16.64,16.63,16.62,16.61,1661,189,348,360,456,0
2020-01-02 09:56:37,16.67,402.000,669824.000,16.66,16.67,16.68,16.69,16.7,3,3028,1339,1006,1325,16.65,16.64,16.63,16.62,16.61,2864,189,344,360,457,1
2020-01-02 09:56:39,16.66,69.000,114944.000,16.66,16.67,16.68,16.69,16.7,25,3009,1339,1006,1305,16.65,16.64,16.63,16.62,16.61,2913,189,344,360,457,0
2020-01-02 09:56:42,16.66,79.000,131584.000,16.66,16.67,16.68,16.69,16.7,65,3005,1338,1006,1306,16.65,16.64,16.63,16.62,16.61,2908,189,344,360,457,1
2020-01-02 09:56:46,16.66,1112.000,1851520.000,16.66,16.67,16.68,16.69,16.7,176,2985,1336,1006,1306,16.65,16.64,16.63,16.62,16.61,1917,209,344,360,461,1
2020-01-02 09:56:48,16.66,152.000,253184.000,16.66,16.67,16.68,16.69,16.7,1073,2985,1336,1010,1306,16.65,16.64,16.63,16.62,16.61,1989,209,344,360,461,1
2020-01-02 09:56:51,16.67,3251.000,5418368.000,16.67,16.68,16.69,16.7,16.71,843,1336,1010,1306,317,16.66,16.65,16.64,16.63,16.62,87,1993,179,344,360,1
2020-01-02 09:56:54,16.65,784.000,1305728.000,16.66,16.67,16.68,16.69,16.7,352,848,1336,1010,1303,16.65,16.64,16.63,16.62,16.61,1975,189,344,360,461,0
2020-01-02 09:56:57,16.66,318.000,529792.000,16.66,16.67,16.68,16.69,16.7,67,848,1321,1010,1303,16.65,16.64,16.63,16.62,16.61,1965,189,351,393,463,1
2020-01-02 09:57:00,16.66,145.000,241536.000,16.66,16.67,16.68,16.69,16.7,36,890,1324,1025,1293,16.65,16.64,16.63,16.62,16.61,1964,185,353,393,463,1
2020-01-02 09:57:04,16.66,127.000,211584.000,16.67,16.68,16.69,16.7,16.71,888,1343,1025,1293,317,16.66,16.65,16.64,16.63,16.62,484,2012,185,353,393,1
2020-01-02 09:57:06,16.65,600.000,999552.000,16.66,16.67,16.68,16.69,16.7,555,899,1342,1025,1293,16.65,16.64,16.63,16.62,16.61,2032,233,365,413,515,0
2020-01-02 09:57:09,16.66,890.000,1482496.000,16.66,16.67,16.68,16.69,16.7,26,1404,1344,1035,1298,16.65,16.64,16.63,16.62,16.61,1710,233,365,413,515,1
2020-01-02 09:57:12,16.66,79.000,131584.000,16.67,16.68,16.69,16.7,16.71,1395,1344,1035,1298,307,16.66,16.65,16.64,16.63,16.62,62,1716,236,365,413,1
2020-01-02 09:57:16,16.66,66.000,109952.000,16.66,16.67,16.68,16.69,16.7,65,1395,1344,1035,1298,16.65,16.64,16.63,16.62,16.61,1751,236,365,413,603,0
2020-01-02 09:57:18,16.66,173.000,288256.000,16.66,16.67,16.68,16.69,16.7,42,1395,1344,1035,1314,16.65,16.64,16.63,16.62,16.61,1737,236,365,413,603,1
2020-01-02 09:57:21,16.66,196.000,326400.000,16.66,16.67,16.68,16.69,16.7,171,1425,1344,1035,1321,16.65,16.64,16.63,16.62,16.61,1741,238,369,413,603,1
2020-01-02 09:57:24,16.7,5177.000,8636928.000,16.7,16.71,16.72,16.73,16.74,379,307,440,433,392,16.66,16.65,16.64,16.63,16.62,990,1742,238,369,413,1
2020-01-02 09:57:27,16.66,183.000,304896.000,16.68,16.7,16.71,16.72,16.73,100,413,307,440,433,16.66,16.65,16.64,16.63,16.62,838,1744,238,369,413,0
2020-01-02 09:57:30,16.68,116.000,193536.000,16.69,16.7,16.71,16.72,16.73,2,158,307,440,433,16.68,16.66,16.65,16.64,16.63,10,818,1744,238,371,1
2020-01-02 09:57:33,16.68,79.000,131840.000,16.7,16.71,16.72,16.73,16.74,92,307,450,433,395,16.69,16.68,16.66,16.65,16.64,1,11,887,2050,238,0
2020-01-02 09:57:36,16.7,323.000,538880.000,16.7,16.71,16.72,16.73,16.74,40,307,450,438,395,16.68,16.67,16.66,16.65,16.64,2,354,887,841,243,1
2020-01-02 09:57:39,16.68,47.000,78336.000,16.7,16.71,16.72,16.73,16.74,190,307,450,438,395,16.68,16.67,16.66,16.65,16.64,254,354,905,841,243,0
2020-01-02 09:57:42,16.69,132.000,220288.000,16.69,16.7,16.71,16.72,16.73,787,217,307,450,438,16.68,16.67,16.66,16.65,16.64,425,374,925,794,213,1
2020-01-02 09:57:45,16.69,542.000,904576.000,16.69,16.7,16.71,16.72,16.73,248,222,307,450,438,16.68,16.67,16.66,16.65,16.64,426,53,925,791,213,1
2020-01-02 09:57:48,16.69,51.000,85120.000,16.69,16.7,16.71,16.72,16.73,222,236,307,450,438,16.68,16.67,16.66,16.65,16.64,446,53,945,791,213,1
2020-01-02 09:57:51,16.69,42.000,70144.000,16.69,16.7,16.71,16.72,16.73,183,236,335,450,438,16.68,16.67,16.66,16.65,16.64,480,41,956,791,213,1
2020-01-02 09:57:54,16.68,840.000,1401088.000,16.68,16.69,16.7,16.71,16.72,246,185,241,335,450,16.67,16.66,16.65,16.64,16.63,47,442,791,213,406,0
2020-01-02 09:57:57,16.67,133.000,221696.000,16.67,16.68,16.69,16.7,16.71,18,227,185,242,335,16.66,16.65,16.64,16.63,16.62,442,791,213,406,523,0
2020-01-02 09:58:00,16.67,264.000,440192.000,16.67,16.68,16.69,16.7,16.71,878,109,186,242,325,16.66,16.65,16.64,16.63,16.62,442,814,213,406,533,1
2020-01-02 09:58:04,16.67,876.000,1459584.000,16.67,16.68,16.69,16.7,16.71,753,151,183,242,325,16.66,16.65,16.64,16.63,16.62,2,814,244,406,533,1
2020-01-02 09:58:06,16.66,731.000,1218560.000,16.66,16.67,16.68,16.69,16.7,32,85,85,184,242,16.65,16.64,16.63,16.62,16.61,1069,244,506,533,829,0
2020-01-02 09:58:09,16.67,217.000,361600.000,16.67,16.68,16.69,16.7,16.71,30,1085,184,262,329,16.65,16.64,16.63,16.62,16.61,1092,244,506,533,849,1
2020-01-02 09:58:12,16.67,84.000,139904.000,16.67,16.68,16.69,16.7,16.71,10,1375,189,262,329,16.66,16.65,16.64,16.63,16.62,734,1092,244,512,538,1
2020-01-02 09:58:15,16.67,1153.000,1920640.000,16.68,16.69,16.7,16.71,16.72,1369,183,214,329,450,16.67,16.65,16.64,16.63,16.62,49,712,247,517,538,1
2020-01-02 09:58:18,16.68,1542.000,2571904.000,16.69,16.7,16.71,16.72,16.73,184,212,329,450,404,16.68,16.66,16.65,16.64,16.63,26,108,719,247,517,1
2020-01-02 09:58:21,16.68,26.000,43648.000,16.69,16.7,16.71,16.72,16.73,235,220,329,440,404,16.68,16.67,16.66,16.65,16.64,2000,40,163,713,247,0
2020-01-02 09:58:24,16.69,101.000,168576.000,16.69,16.7,16.71,16.72,16.73,147,261,329,440,404,16.68,16.67,16.66,16.65,16.64,2021,42,190,782,247,1
2020-01-02 09:58:27,16.68,345.000,575872.000,16.69,16.7,16.71,16.72,16.73,1,170,329,444,404,16.68,16.67,16.66,16.65,16.64,1925,60,206,788,247,0
2020-01-02 09:58:30,16.7,36.000,60160.000,16.7,16.71,16.72,16.73,16.74,152,310,444,404,395,16.69,16.68,16.67,16.66,16.65,581,1952,39,206,776,1
2020-01-02 09:58:33,16.68,2718.000,4533888.000,16.68,16.7,16.71,16.72,16.73,514,118,310,444,404,16.67,16.66,16.65,16.64,16.63,49,206,776,251,496,0
2020-01-02 09:58:36,16.7,1098.000,1832448.000,16.7,16.71,16.72,16.73,16.74,1670,310,444,404,395,16.69,16.68,16.67,16.66,16.65,27,80,1,229,772,1
2020-01-02 09:58:39,16.7,423.000,706432.000,16.7,16.71,16.72,16.73,16.74,1271,310,444,404,395,16.69,16.68,16.67,16.66,16.65,10,182,1,236,772,1
2020-01-02 09:58:42,16.69,81.000,135168.000,16.7,16.71,16.72,16.73,16.74,1263,2345,444,409,395,16.69,16.68,16.67,16.66,16.65,229,201,8,236,772,0
2020-01-02 09:58:45,16.7,1275.000,2129280.000,16.7,16.71,16.72,16.73,16.74,36,2345,444,399,395,16.69,16.68,16.67,16.66,16.65,267,207,12,238,702,1
2020-01-02 09:58:48,16.71,656.000,1096448.000,16.69,16.71,16.72,16.73,16.74,3,2306,444,399,395,16.68,16.67,16.66,16.65,16.64,210,34,238,722,263,1
2020-01-02 09:58:51,16.7,376.000,628096.000,16.7,16.71,16.72,16.73,16.74,1902,2106,441,399,395,16.68,16.67,16.66,16.65,16.64,331,203,258,715,263,0
2020-01-02 09:58:54,16.69,64.000,106880.000,16.69,16.7,16.71,16.72,16.73,919,1888,2109,441,399,16.68,16.67,16.66,16.65,16.64,582,203,258,715,263,0
2020-01-02 09:58:57,16.68,557.000,929152.000,16.69,16.7,16.71,16.72,16.73,875,1905,2214,441,402,16.68,16.67,16.66,16.65,16.64,119,203,258,715,263,0
2020-01-02 09:59:00,16.68,300.000,500608.000,16.69,16.7,16.71,16.72,16.73,649,1910,2214,441,402,16.68,16.67,16.66,16.65,16.64,78,203,258,740,363,0
2020-01-02 09:59:03,16.69,201.000,335488.000,16.69,16.7,16.71,16.72,16.73,467,1934,2211,441,402,16.68,16.67,16.66,16.65,16.64,76,223,248,740,373,1
2020-01-02 09:59:06,16.69,210.000,350464.000,16.69,16.7,16.71,16.72,16.73,2047,1955,2211,476,402,16.68,16.67,16.66,16.65,16.64,120,223,248,740,373,1
2020-01-02 09:59:09,16.69,727.000,1213312.000,16.69,16.7,16.71,16.72,16.73,2112,1960,2221,526,402,16.68,16.67,16.66,16.65,16.64,149,223,248,740,373,1
2020-01-02 09:59:12,16.68,107.000,178560.000,16.69,16.7,16.71,16.72,16.73,2238,2015,2221,526,397,16.68,16.67,16.66,16.65,16.64,331,223,249,734,373,0
2020-01-02 09:59:15,16.69,1435.000,2394624.000,16.69,16.7,16.71,16.72,16.73,1149,2020,2231,526,397,16.68,16.67,16.66,16.65,16.64,28,223,253,734,373,1
2020-01-02 09:59:18,16.67,3135.000,5232512.000,16.69,16.7,16.71,16.72,16.73,3,148,2231,526,397,16.68,16.67,16.66,16.65,16.64,5,213,253,734,373,0
2020-01-02 09:59:21,16.68,86.000,143488.000,16.7,16.71,16.72,16.73,16.74,158,2231,526,397,396,16.68,16.67,16.66,16.65,16.64,186,211,253,751,373,1
2020-01-02 09:59:24,16.7,73.000,121856.000,16.7,16.71,16.72,16.73,16.74,171,2231,526,397,396,16.69,16.68,16.67,16.66,16.65,15,299,211,253,751,1
2020-01-02 09:59:27,16.7,649.000,1084672.000,16.71,16.72,16.73,16.74,16.75,2231,526,397,396,1124,16.7,16.69,16.68,16.67,16.66,8,5,12,241,253,1
2020-01-02 09:59:30,16.7,86.000,143488.000,16.71,16.72,16.73,16.74,16.75,2232,526,397,396,1129,16.7,16.69,16.68,16.67,16.66,362,39,44,241,253,0
2020-01-02 09:59:33,16.7,1570.000,2622976.000,16.7,16.71,16.72,16.73,16.74,515,1216,526,397,396,16.69,16.68,16.67,16.66,16.65,37,140,241,263,803,0
2020-01-02 09:59:36,16.7,101.000,168576.000,16.7,16.71,16.72,16.73,16.74,496,1236,526,397,396,16.69,16.68,16.67,16.66,16.65,167,140,241,262,833,1
2020-01-02 09:59:39,16.7,556.000,928512.000,16.7,16.71,16.72,16.73,16.74,1968,1236,536,397,396,16.69,16.68,16.67,16.66,16.65,176,144,251,255,836,1
2020-01-02 09:59:42,16.7,266.000,444288.000,16.7,16.71,16.72,16.73,16.74,1733,1266,536,397,396,16.69,16.68,16.67,16.66,16.65,202,157,251,255,837,1
2020-01-02 09:59:45,16.7,297.000,495872.000,16.7,16.71,16.72,16.73,16.74,1608,1276,536,402,416,16.69,16.68,16.67,16.66,16.65,435,157,251,255,835,1
2020-01-02 09:59:48,16.7,124.000,207104.000,16.7,16.71,16.72,16.73,16.74,1566,1306,536,402,416,16.69,16.68,16.67,16.66,16.65,402,228,251,257,842,1
2020-01-02 09:59:51,16.7,109.000,182016.000,16.7,16.71,16.72,16.73,16.74,1462,1306,539,402,416,16.69,16.68,16.67,16.66,16.65,397,363,261,257,842,1
2020-01-02 09:59:54,16.69,260.000,434176.000,16.7,16.71,16.72,16.73,16.74,1207,1306,539,402,416,16.69,16.68,16.67,16.66,16.65,394,353,241,257,842,0
2020-01-02 09:59:57,16.69,610.000,1018112.000,16.69,16.7,16.71,16.72,16.73,7,1171,1306,539,402,16.68,16.67,16.66,16.65,16.64,297,241,267,842,355,0
2020-01-02 10:00:00,16.69,264.000,440832.000,16.7,16.71,16.72,16.73,16.74,915,1306,541,402,416,16.69,16.68,16.67,16.66,16.65,4,297,264,267,842,1
2020-01-02 10:00:03,16.7,204.000,340608.000,16.7,16.71,16.72,16.73,16.74,774,1326,541,402,416,16.69,16.68,16.67,16.66,16.65,377,202,264,347,842,1
2020-01-02 10:00:06,16.69,40.000,66816.000,16.7,16.71,16.72,16.73,16.74,775,1326,541,402,416,16.69,16.68,16.67,16.66,16.65,483,204,264,357,842,0
2020-01-02 10:00:09,16.7,528.000,881280.000,16.7,16.71,16.72,16.73,16.74,997,1326,541,402,516,16.69,16.68,16.67,16.66,16.65,52,223,264,617,844,1
2020-01-02 10:00:12,16.7,118.000,196864.000,16.7,16.71,16.72,16.73,16.74,994,1326,541,403,516,16.69,16.68,16.67,16.66,16.65,21,223,264,617,862,1
2020-01-02 10:00:15,16.69,258.000,430720.000,16.7,16.71,16.72,16.73,16.74,1921,1326,541,396,516,16.69,16.68,16.67,16.66,16.65,77,225,264,617,762,0
2020-01-02 10:00:18,16.69,433.000,723072.000,16.7,16.71,16.72,16.73,16.74,1588,1326,541,396,526,16.69,16.68,16.67,16.66,16.65,46,230,264,617,762,0
2020-01-02 10:00:21,16.69,111.000,185216.000,16.69,16.7,16.71,16.72,16.73,8,1602,1326,541,396,16.68,16.67,16.66,16.65,16.64,230,264,607,777,355,0
2020-01-02 10:00:24,16.69,31.000,51712.000,16.7,16.71,16.72,16.73,16.74,1598,1326,541,396,526,16.69,16.68,16.67,16.66,16.65,6,230,264,607,777,1
2020-01-02 10:00:27,16.69,17.000,28416.000,16.7,16.71,16.72,16.73,16.74,1567,1326,541,396,526,16.69,16.68,16.67,16.66,16.65,255,230,264,607,781,0
2020-01-02 10:00:30,16.69,327.000,545792.000,16.7,16.71,16.72,16.73,16.74,1520,1326,541,396,526,16.69,16.68,16.67,16.66,16.65,81,245,264,610,783,0
2020-01-02 10:00:33,16.69,131.000,218624.000,16.69,16.7,16.71,16.72,16.73,50,1530,1326,541,361,16.68,16.67,16.66,16.65,16.64,237,264,610,783,355,0
2020-01-02 10:00:36,16.7,272.000,454272.000,16.7,16.71,16.72,16.73,16.74,1334,1326,541,357,526,16.68,16.67,16.66,16.65,16.64,228,264,596,733,355,1
2020-01-02 10:00:39,16.69,197.000,328576.000,16.69,16.7,16.71,16.72,16.73,26,1338,1326,541,357,16.68,16.67,16.66,16.65,16.64,167,341,596,733,355,0
2020-01-02 10:00:42,16.69,24.000,40064.000,16.69,16.7,16.71,16.72,16.73,18,1344,1326,541,357,16.68,16.67,16.66,16.65,16.64,167,341,596,743,355,1
2020-01-02 10:00:45,16.69,336.000,560896.000,16.69,16.7,16.71,16.72,16.73,1780,1264,1326,541,357,16.68,16.67,16.66,16.65,16.64,184,341,596,743,355,1
2020-01-02 10:00:48,16.69,230.000,383616.000,16.69,16.7,16.71,16.72,16.73,1762,1272,1326,541,358,16.68,16.67,16.66,16.65,16.64,62,267,596,743,361,1
2020-01-02 10:00:51,16.68,278.000,462208.000,16.68,16.69,16.7,16.71,16.72,763,1766,1292,1325,561,16.67,16.66,16.65,16.64,16.63,267,596,743,361,550,0
2020-01-02 10:00:54,16.67,577.000,961792.000,16.68,16.69,16.7,16.71,16.72,669,1795,1302,1325,561,16.67,16.66,16.65,16.64,16.63,12,364,743,361,550,0
2020-01-02 10:00:57,16.67,59.000,98304.000,16.68,16.69,16.7,16.71,16.72,629,1795,1302,1325,561,16.67,16.66,16.65,16.64,16.63,4,374,743,361,550,0
2020-01-02 10:01:00,16.68,22.000,36736.000,16.68,16.69,16.7,16.71,16.72,614,1796,1306,1325,561,16.66,16.65,16.64,16.63,16.62,374,743,371,550,473,1
2020-01-02 10:01:03,16.67,228.000,380288.000,16.68,16.69,16.7,16.71,16.72,409,1796,1317,1325,561,16.67,16.66,16.65,16.64,16.63,3,514,743,371,550,0
2020-01-02 10:01:06,16.68,98.000,163456.000,16.68,16.69,16.7,16.71,16.72,345,1796,1314,1325,561,16.67,16.66,16.65,16.64,16.63,21,519,743,371,550,1
2020-01-02 10:01:09,16.67,553.000,921344.000,16.68,16.69,16.7,16.71,16.72,361,1796,1342,1325,561,16.66,16.65,16.64,16.63,16.62,47,743,371,550,473,0
2020-01-02 10:01:12,16.66,138.000,230016.000,16.66,16.67,16.68,16.69,16.7,72,1,296,1796,1351,16.65,16.64,16.63,16.62,16.61,816,371,550,473,846,0
2020-01-02 10:01:15,16.66,151.000,251520.000,16.66,16.67,16.68,16.69,16.7,50,1,801,1796,1332,16.65,16.64,16.63,16.62,16.61,846,371,550,473,846,1
