Time,Price,Volume,Amount,SP1,SP2,SP3,SP4,SP5,SV1,SV2,SV3,SV4,SV5,BP1,BP2,BP3,BP4,BP5,BV1,BV2,BV3,BV4,BV5,isBuy
2020-01-02 09:15:09,6.26,0.000,0.000,6.26,0,0,0,0,1375,0,0,0,0,6.26,0,0,0,0,1375,236,0,0,0,1
2020-01-02 09:15:18,6.26,0.000,0.000,6.26,0,0,0,0,1439,0,0,0,0,6.26,0,0,0,0,1439,172,0,0,0,1
2020-01-02 09:15:27,6.26,0.000,0.000,6.26,0,0,0,0,1439,0,0,0,0,6.26,0,0,0,0,1439,179,0,0,0,1
2020-01-02 09:15:36,6.26,0.000,0.000,6.26,0,0,0,0,1562,0,0,0,0,6.26,0,0,0,0,1562,56,0,0,0,1
2020-01-02 09:15:45,6.26,0.000,0.000,6.26,0,0,0,0,1548,0,0,0,0,6.26,0,0,0,0,1548,168,0,0,0,1
2020-01-02 09:15:54,6.26,0.000,0.000,6.26,0,0,0,0,1543,0,0,0,0,6.26,0,0,0,0,1543,247,0,0,0,1
2020-01-02 09:16:03,6.1,0.000,0.000,6.1,0,0,0,0,3697,0,0,0,0,6.1,0,0,0,0,3697,353,0,0,0,0
2020-01-02 09:16:12,6.11,0.000,0.000,6.11,0,0,0,0,3697,0,0,0,0,6.11,0,0,0,0,3697,0,0,0,0,1
2020-01-02 09:16:21,6.1,0.000,0.000,6.1,0,0,0,0,3698,0,0,0,0,6.1,0,0,0,0,3698,397,0,0,0,0
2020-01-02 09:16:30,6.1,0.000,0.000,6.1,0,0,0,0,3721,0,0,0,0,6.1,0,0,0,0,3721,429,0,0,0,1
2020-01-02 09:16:39,6.1,0.000,0.000,6.1,0,0,0,0,3739,0,0,0,0,6.1,0,0,0,0,3739,425,0,0,0,1
2020-01-02 09:16:48,6.13,0.000,0.000,6.13,0,0,0,0,3745,0,0,0,0,6.13,0,0,0,0,3745,56,0,0,0,1
2020-01-02 09:16:57,6.13,0.000,0.000,6.13,0,0,0,0,3802,0,0,0,0,6.13,0,0,0,0,3802,4,0,0,0,1
2020-01-02 09:17:06,6.14,0.000,0.000,6.14,0,0,0,0,3969,0,0,0,0,6.14,0,0,0,0,3969,47,0,0,0,1
2020-01-02 09:17:15,6.14,0.000,0.000,6.14,0,0,0,0,3969,0,0,0,0,6.14,0,0,0,0,3969,101,0,0,0,1
2020-01-02 09:17:24,6.14,0.000,0.000,6.14,0,0,0,0,3979,0,0,0,0,6.14,0,0,0,0,3979,130,0,0,0,1
2020-01-02 09:17:33,6.14,0.000,0.000,6.14,0,0,0,0,4001,0,0,0,0,6.14,0,0,0,0,4001,274,0,0,0,1
2020-01-02 09:17:42,6.14,0.000,0.000,6.14,0,0,0,0,4177,0,0,0,0,6.14,0,0,0,0,4177,146,0,0,0,1
2020-01-02 09:17:51,6.14,0.000,0.000,6.14,0,0,0,0,4192,0,0,0,0,6.14,0,0,0,0,4192,436,0,0,0,1
2020-01-02 09:18:00,6.15,0.000,0.000,6.15,0,0,0,0,4204,0,0,0,0,6.15,0,0,0,0,4204,175,0,0,0,1
2020-01-02 09:18:09,6.15,0.000,0.000,6.15,0,0,0,0,4204,0,0,0,0,6.15,0,0,0,0,4204,217,0,0,0,1
2020-01-02 09:18:18,6.15,0.000,0.000,6.15,0,0,0,0,4204,0,0,0,0,6.15,0,0,0,0,4204,370,0,0,0,1
2020-01-02 09:18:27,6.15,0.000,0.000,6.15,0,0,0,0,4404,0,0,0,0,6.15,0,0,0,0,4404,205,0,0,0,1
2020-01-02 09:18:36,6.15,0.000,0.000,6.15,0,0,0,0,4404,0,0,0,0,6.15,0,0,0,0,4404,240,0,0,0,1
2020-01-02 09:18:45,6.15,0.000,0.000,6.15,0,0,0,0,4403,0,0,0,0,6.15,0,0,0,0,4403,303,0,0,0,1
2020-01-02 09:18:54,6.15,0.000,0.000,6.15,0,0,0,0,4403,0,0,0,0,6.15,0,0,0,0,4403,576,0,0,0,1
2020-01-02 09:19:03,6.25,0.000,0.000,6.25,0,0,0,0,2069,0,0,0,0,6.25,0,0,0,0,2069,183,0,0,0,1
2020-01-02 09:19:12,6.25,0.000,0.000,6.25,0,0,0,0,2070,0,0,0,0,6.25,0,0,0,0,2070,212,0,0,0,1
2020-01-02 09:19:21,6.26,0.000,0.000,6.26,0,0,0,0,2061,47,0,0,0,6.26,0,0,0,0,2061,0,0,0,0,1
2020-01-02 09:19:30,6.26,0.000,0.000,6.26,0,0,0,0,2134,0,0,0,0,6.26,0,0,0,0,2134,50,0,0,0,1
2020-01-02 09:19:39,6.26,0.000,0.000,6.26,0,0,0,0,2154,0,0,0,0,6.26,0,0,0,0,2154,31,0,0,0,1
2020-01-02 09:19:48,6.26,0.000,0.000,6.26,0,0,0,0,2204,0,0,0,0,6.26,0,0,0,0,2204,146,0,0,0,1
2020-01-02 09:19:57,6.26,0.000,0.000,6.26,0,0,0,0,2194,0,0,0,0,6.26,0,0,0,0,2194,191,0,0,0,1
2020-01-02 09:20:01,6.26,0.000,0.000,6.26,0,0,0,0,2292,0,0,0,0,6.26,0,0,0,0,2292,93,0,0,0,1
2020-01-02 09:20:09,6.26,0.000,0.000,6.26,0,0,0,0,2306,0,0,0,0,6.26,0,0,0,0,2306,179,0,0,0,1
2020-01-02 09:20:19,6.26,0.000,0.000,6.26,0,0,0,0,2308,0,0,0,0,6.26,0,0,0,0,2308,200,0,0,0,1
2020-01-02 09:20:28,6.26,0.000,0.000,6.26,0,0,0,0,2308,0,0,0,0,6.26,0,0,0,0,2308,274,0,0,0,1
2020-01-02 09:20:37,6.28,0.000,0.000,6.28,0,0,0,0,2459,0,0,0,0,6.28,0,0,0,0,2459,31,0,0,0,1
2020-01-02 09:20:46,6.28,0.000,0.000,6.28,0,0,0,0,2511,76,0,0,0,6.28,0,0,0,0,2511,0,0,0,0,1
2020-01-02 09:20:54,6.28,0.000,0.000,6.28,0,0,0,0,2575,32,0,0,0,6.28,0,0,0,0,2575,0,0,0,0,1
2020-01-02 09:21:03,6.28,0.000,0.000,6.28,0,0,0,0,2918,0,0,0,0,6.28,0,0,0,0,2918,11,0,0,0,1
2020-01-02 09:21:12,6.26,0.000,0.000,6.26,0,0,0,0,4558,4621,0,0,0,6.26,0,0,0,0,4558,0,0,0,0,0
2020-01-02 09:21:22,6.26,0.000,0.000,6.26,0,0,0,0,4581,4608,0,0,0,6.26,0,0,0,0,4581,0,0,0,0,1
2020-01-02 09:21:31,6.26,0.000,0.000,6.26,0,0,0,0,4659,4558,0,0,0,6.26,0,0,0,0,4659,0,0,0,0,1
2020-01-02 09:21:39,6.26,0.000,0.000,6.26,0,0,0,0,5019,4215,0,0,0,6.26,0,0,0,0,5019,0,0,0,0,1
2020-01-02 09:21:48,6.26,0.000,0.000,6.26,0,0,0,0,5051,4345,0,0,0,6.26,0,0,0,0,5051,0,0,0,0,1
2020-01-02 09:21:57,6.26,0.000,0.000,6.26,0,0,0,0,5492,4151,0,0,0,6.26,0,0,0,0,5492,0,0,0,0,1
2020-01-02 09:22:06,6.26,0.000,0.000,6.26,0,0,0,0,5524,4234,0,0,0,6.26,0,0,0,0,5524,0,0,0,0,1
2020-01-02 09:22:15,6.26,0.000,0.000,6.26,0,0,0,0,5626,4657,0,0,0,6.26,0,0,0,0,5626,0,0,0,0,1
2020-01-02 09:22:24,6.26,0.000,0.000,6.26,0,0,0,0,5885,4497,0,0,0,6.26,0,0,0,0,5885,0,0,0,0,1
2020-01-02 09:22:33,6.26,0.000,0.000,6.26,0,0,0,0,5935,4493,0,0,0,6.26,0,0,0,0,5935,0,0,0,0,1
2020-01-02 09:22:42,6.26,0.000,0.000,6.26,0,0,0,0,6189,4587,0,0,0,6.26,0,0,0,0,6189,0,0,0,0,1
2020-01-02 09:22:51,6.26,0.000,0.000,6.26,0,0,0,0,6335,4522,0,0,0,6.26,0,0,0,0,6335,0,0,0,0,1
2020-01-02 09:23:00,6.26,0.000,0.000,6.26,0,0,0,0,6561,4648,0,0,0,6.26,0,0,0,0,6561,0,0,0,0,1
2020-01-02 09:23:09,6.26,0.000,0.000,6.26,0,0,0,0,8349,2929,0,0,0,6.26,0,0,0,0,8349,0,0,0,0,1
2020-01-02 09:23:18,6.26,0.000,0.000,6.26,0,0,0,0,8914,2915,0,0,0,6.26,0,0,0,0,8914,0,0,0,0,1
2020-01-02 09:23:27,6.26,0.000,0.000,6.26,0,0,0,0,10078,1814,0,0,0,6.26,0,0,0,0,10078,0,0,0,0,1
2020-01-02 09:23:36,6.26,0.000,0.000,6.26,0,0,0,0,10318,1871,0,0,0,6.26,0,0,0,0,10318,0,0,0,0,1
2020-01-02 09:23:45,6.26,0.000,0.000,6.26,0,0,0,0,12179,447,0,0,0,6.26,0,0,0,0,12179,0,0,0,0,1
2020-01-02 09:23:55,6.26,0.000,0.000,6.26,0,0,0,0,12450,1878,0,0,0,6.26,0,0,0,0,12450,0,0,0,0,1
2020-01-02 09:24:03,6.26,0.000,0.000,6.26,0,0,0,0,12794,2316,0,0,0,6.26,0,0,0,0,12794,0,0,0,0,1
2020-01-02 09:24:13,6.26,0.000,0.000,6.26,0,0,0,0,15321,0,0,0,0,6.26,0,0,0,0,15321,2848,0,0,0,1
2020-01-02 09:24:21,6.26,0.000,0.000,6.26,0,0,0,0,15403,0,0,0,0,6.26,0,0,0,0,15403,3813,0,0,0,1
2020-01-02 09:24:31,6.26,0.000,0.000,6.26,0,0,0,0,15957,0,0,0,0,6.26,0,0,0,0,15957,4346,0,0,0,1
2020-01-02 09:24:40,6.26,0.000,0.000,6.26,0,0,0,0,18080,0,0,0,0,6.26,0,0,0,0,18080,4531,0,0,0,1
2020-01-02 09:24:49,6.26,0.000,0.000,6.26,0,0,0,0,21852,0,0,0,0,6.26,0,0,0,0,21852,2301,0,0,0,1
2020-01-02 09:24:58,6.26,0.000,0.000,6.26,0,0,0,0,23053,0,0,0,0,6.26,0,0,0,0,23053,4023,0,0,0,1
2020-01-02 09:25:04,6.28,27509.000,17275650.000,6.28,6.29,6.3,6.31,6.32,363,4574,6908,74,28,6.27,6.26,6.25,6.23,6.22,7064,7034,1374,315,60,1
2020-01-02 09:30:00,6.29,1889.000,1187446.000,6.29,6.3,6.31,6.32,6.33,3106,6908,74,28,494,6.28,6.27,6.26,6.25,6.23,95,7054,7034,1374,317,1
2020-01-02 09:30:03,6.3,31176.000,19602170.000,6.3,6.31,6.32,6.33,6.34,5486,340,2900,5275,5466,6.29,6.28,6.27,6.26,6.25,931,3297,6280,6228,1389,1
2020-01-02 09:30:06,6.3,14268.000,8976160.000,6.31,6.32,6.33,6.34,6.35,237,2840,5275,5967,1588,6.3,6.29,6.28,6.27,6.26,1336,28,388,6403,6249,1
2020-01-02 09:30:09,6.3,0.000,0.000,6.31,6.32,6.33,6.34,6.35,237,2840,5275,5967,1588,6.3,6.29,6.28,6.27,6.26,1336,28,388,6403,6249,0
2020-01-02 09:30:09,6.3,1719.000,1084048.000,6.32,6.33,6.34,6.35,6.36,2810,4740,5997,1608,2817,6.3,6.29,6.28,6.27,6.26,2,1002,1045,6404,6257,0
2020-01-02 09:30:12,6.28,12762.000,8008372.000,6.28,6.29,6.3,6.31,6.32,271,30,3630,3376,2830,6.27,6.26,6.25,6.24,6.23,20,5144,1556,176,426,0
2020-01-02 09:30:15,6.29,3977.000,2499612.000,6.28,6.29,6.3,6.31,6.32,490,500,6036,1319,2843,6.26,6.25,6.24,6.23,6.22,4071,1556,166,426,225,1
2020-01-02 09:30:17,6.29,0.000,0.000,6.28,6.29,6.3,6.31,6.32,490,500,6036,1319,2843,6.26,6.25,6.24,6.23,6.22,4071,1556,166,426,225,1
2020-01-02 09:30:18,6.28,4451.000,2792252.000,6.29,6.3,6.31,6.32,6.33,92,5971,1275,2848,4740,6.28,6.26,6.25,6.24,6.23,31,2062,1556,166,468,0
2020-01-02 09:30:21,6.27,2787.000,1745068.000,6.27,6.28,6.29,6.3,6.31,108,409,853,6044,1263,6.25,6.24,6.23,6.22,6.21,1219,166,468,225,821,0
2020-01-02 09:30:24,6.25,573.000,358632.000,6.26,6.27,6.28,6.29,6.3,1160,407,542,6400,5950,6.25,6.24,6.23,6.22,6.21,1211,166,468,225,821,0
2020-01-02 09:30:27,6.24,2585.000,1615876.000,6.24,6.25,6.26,6.27,6.28,338,1090,3144,823,630,6.23,6.22,6.21,6.2,6.19,288,225,821,1672,1018,0
2020-01-02 09:30:30,6.22,845.000,526004.000,6.22,6.24,6.25,6.26,6.27,218,265,265,3144,1049,6.21,6.2,6.19,6.18,6.17,1667,1635,1018,684,560,0
2020-01-02 09:30:33,6.21,590.000,366908.000,6.22,6.23,6.24,6.25,6.26,358,80,255,353,3144,6.21,6.2,6.19,6.18,6.17,1589,2252,1018,674,560,0
2020-01-02 09:30:36,6.2,1822.000,1131680.000,6.21,6.22,6.23,6.24,6.25,191,155,263,268,244,6.2,6.19,6.18,6.17,6.16,2144,1018,674,560,748,0
2020-01-02 09:30:39,6.23,3735.000,2329336.000,6.23,6.26,6.27,6.28,6.29,305,1521,597,165,6160,6.22,6.21,6.2,6.19,6.18,51,80,2093,1028,674,1
2020-01-02 09:30:42,6.22,3468.000,2156448.000,6.25,6.26,6.27,6.28,6.29,6,1521,597,165,6180,6.2,6.19,6.18,6.17,6.16,636,986,674,520,756,0
2020-01-02 09:30:45,6.21,590.000,366864.000,6.22,6.25,6.26,6.27,6.28,30,106,1521,597,184,6.21,6.2,6.19,6.18,6.17,59,629,986,674,520,0
2020-01-02 09:30:48,6.22,596.000,370232.000,6.25,6.26,6.27,6.28,6.29,225,1521,597,184,5948,6.23,6.22,6.21,6.2,6.19,206,94,3162,892,970,1
2020-01-02 09:30:51,6.22,1274.000,793480.000,6.23,6.24,6.25,6.26,6.27,50,208,464,1812,597,6.22,6.21,6.2,6.19,6.18,617,3274,1426,980,689,0
2020-01-02 09:30:54,6.23,2315.000,1445024.000,6.26,6.27,6.28,6.29,6.3,1227,529,4491,5683,6114,6.23,6.22,6.21,6.2,6.19,42,1495,3357,1745,975,1
2020-01-02 09:30:57,6.26,1324.000,825880.000,6.26,6.27,6.28,6.29,6.3,1218,409,4486,5693,6104,6.25,6.24,6.23,6.22,6.21,359,372,59,1253,3689,1
2020-01-02 09:31:00,6.23,1018.000,635784.000,6.25,6.26,6.27,6.28,6.29,999,1218,409,4514,5640,6.23,6.22,6.21,6.2,6.19,941,1546,3699,1887,994,0
2020-01-02 09:31:03,6.24,453.000,282864.000,6.25,6.26,6.27,6.28,6.29,222,1238,409,4514,5630,6.24,6.23,6.22,6.21,6.2,476,1236,1542,3733,1856,1
2020-01-02 09:31:06,6.25,532.000,332240.000,6.25,6.26,6.27,6.28,6.29,132,1243,409,4614,5713,6.24,6.23,6.22,6.21,6.2,14,1304,1639,3686,1856,1
2020-01-02 09:31:09,6.25,574.000,358552.000,6.25,6.26,6.27,6.28,6.29,235,1246,409,4563,5713,6.24,6.23,6.22,6.21,6.2,677,1325,1639,3738,1897,1
2020-01-02 09:31:12,6.24,1456.000,908592.000,6.24,6.25,6.26,6.27,6.28,2008,30,1233,111,4563,6.23,6.22,6.21,6.2,6.19,1146,2745,3953,1915,1348,0
2020-01-02 09:31:15,6.24,3332.000,2078992.000,6.26,6.27,6.28,6.29,6.3,1198,211,4564,5811,2022,6.24,6.23,6.22,6.21,6.2,71,1116,2444,4015,1924,1
2020-01-02 09:31:18,6.24,570.000,355504.000,6.25,6.26,6.27,6.28,6.29,995,1539,211,4564,5811,6.24,6.23,6.22,6.21,6.2,633,985,2458,4015,2136,0
2020-01-02 09:31:21,6.25,5196.000,3237672.000,6.24,6.25,6.26,6.27,6.28,2,610,1539,236,4564,6.22,6.21,6.2,6.19,6.18,606,3962,2146,1397,748,1
2020-01-02 09:31:24,6.22,884.000,550456.000,6.23,6.24,6.25,6.26,6.27,1142,330,678,1549,259,6.22,6.21,6.2,6.19,6.18,239,3936,2222,1407,748,0
2020-01-02 09:31:27,6.22,2346.000,1459384.000,6.22,6.23,6.24,6.25,6.26,695,365,741,742,1549,6.21,6.2,6.19,6.18,6.17,3318,2234,1407,748,595,0
2020-01-02 09:31:30,6.23,5036.000,3128872.000,6.21,6.23,6.24,6.25,6.26,4,304,789,770,1542,6.2,6.19,6.18,6.17,6.16,2540,1817,748,595,925,1
2020-01-02 09:31:33,6.21,2110.000,1309432.000,6.21,6.22,6.23,6.24,6.25,20,276,38,1313,945,6.2,6.19,6.18,6.17,6.16,1314,1817,758,595,925,0
2020-01-02 09:31:36,6.2,1216.000,755128.000,6.21,6.22,6.23,6.24,6.25,522,329,57,1337,927,6.2,6.19,6.18,6.17,6.16,788,1801,758,595,925,0
2020-01-02 09:31:39,6.2,5107.000,3178968.000,6.22,6.23,6.26,6.27,6.28,473,12,1223,269,4628,6.2,6.19,6.18,6.17,6.16,1783,1773,758,595,925,0
2020-01-02 09:31:42,6.21,1882.000,1169080.000,6.23,6.26,6.27,6.28,6.29,18,1223,269,4628,5940,6.21,6.2,6.19,6.18,6.17,577,1556,1773,768,595,1
2020-01-02 09:31:45,6.23,1238.000,769768.000,6.25,6.26,6.27,6.28,6.29,50,1266,269,4628,5940,6.22,6.21,6.2,6.19,6.18,16,433,1651,1793,768,1
2020-01-02 09:31:48,6.21,734.000,456440.000,6.24,6.25,6.26,6.27,6.28,401,459,1266,274,4628,6.21,6.2,6.19,6.18,6.17,751,1712,1793,830,603,0
2020-01-02 09:31:51,6.22,678.000,421432.000,6.22,6.23,6.24,6.25,6.26,893,7,15,602,1371,6.21,6.2,6.19,6.18,6.17,559,2597,1808,830,603,1
2020-01-02 09:31:54,6.21,1195.000,742888.000,6.22,6.23,6.24,6.25,6.26,497,27,15,602,1371,6.21,6.2,6.19,6.18,6.17,199,2609,1808,830,603,0
2020-01-02 09:31:57,6.21,1145.000,712056.000,6.22,6.23,6.24,6.25,6.26,108,69,19,606,1371,6.21,6.2,6.19,6.18,6.17,533,2653,1821,830,603,0
2020-01-02 09:32:00,6.21,332.000,206320.000,6.22,6.23,6.24,6.25,6.26,527,69,75,685,1371,6.21,6.2,6.19,6.18,6.17,556,2702,1846,830,623,0
2020-01-02 09:32:03,6.21,1784.000,1108984.000,6.22,6.23,6.24,6.25,6.26,23,69,112,735,1401,6.21,6.2,6.19,6.18,6.17,1094,2826,1832,848,623,0
2020-01-02 09:32:06,6.23,709.000,441264.000,6.24,6.25,6.26,6.27,6.28,162,755,1401,305,4672,6.23,6.22,6.21,6.2,6.19,56,849,2710,2864,1880,1
2020-01-02 09:32:09,6.25,1469.000,916360.000,6.26,6.27,6.28,6.29,6.3,1401,305,4672,5931,2165,6.25,6.24,6.22,6.21,6.2,597,12,1865,2719,2874,1
2020-01-02 09:32:12,6.25,749.000,468280.000,6.25,6.26,6.27,6.28,6.29,10,1249,305,4672,5931,6.24,6.23,6.22,6.21,6.2,50,4,863,2814,2882,0
2020-01-02 09:32:15,6.26,174.000,108808.000,6.25,6.26,6.27,6.28,6.29,25,1178,255,4672,5931,6.24,6.23,6.22,6.21,6.2,119,4,854,2890,2995,1
2020-01-02 09:32:18,6.24,274.000,171080.000,6.25,6.26,6.27,6.28,6.29,50,1455,255,4672,5929,6.24,6.23,6.22,6.21,6.2,21,28,765,3024,3030,0
2020-01-02 09:32:21,6.25,436.000,272488.000,6.26,6.27,6.28,6.29,6.3,1395,255,4661,5929,2177,6.25,6.24,6.23,6.22,6.21,24,277,1069,694,3034,1
2020-01-02 09:32:24,6.25,222.000,138704.000,6.26,6.27,6.28,6.29,6.3,1396,255,4661,5929,2201,6.25,6.24,6.23,6.22,6.21,42,552,1069,694,3036,0
2020-01-02 09:32:27,6.25,399.000,249432.000,6.25,6.26,6.27,6.28,6.29,136,1380,283,4695,5929,6.24,6.23,6.22,6.21,6.2,610,1184,860,3036,2994,0
2020-01-02 09:32:30,6.24,2327.000,1455680.000,6.26,6.27,6.28,6.29,6.3,317,283,4695,5914,2202,6.24,6.23,6.22,6.21,6.2,797,1198,910,3086,2994,0
2020-01-02 09:32:33,6.25,770.000,481568.000,6.27,6.28,6.29,6.3,6.31,174,4795,5914,2202,190,6.26,6.25,6.24,6.23,6.22,30,1707,1565,1198,1063,1
2020-01-02 09:32:36,6.25,439.000,274808.000,6.26,6.27,6.28,6.29,6.3,168,179,4805,5914,2212,6.25,6.24,6.23,6.22,6.21,1107,1565,1208,1173,3086,0
2020-01-02 09:32:39,6.25,190.000,118872.000,6.26,6.27,6.28,6.29,6.3,466,789,4805,5914,2212,6.25,6.24,6.23,6.22,6.21,2034,1625,1208,1173,3086,0
2020-01-02 09:32:42,6.26,1904.000,1191168.000,6.26,6.27,6.28,6.29,6.3,2607,1365,4805,5972,2266,6.25,6.24,6.23,6.22,6.21,3940,1630,1109,1173,3086,1
2020-01-02 09:32:45,6.25,1660.000,1038312.000,6.26,6.27,6.28,6.29,6.3,2022,1442,4839,5972,2417,6.25,6.24,6.23,6.22,6.21,3343,1630,1109,1173,3086,0
2020-01-02 09:32:48,6.26,1238.000,774496.000,6.26,6.27,6.28,6.29,6.3,1297,1407,4839,5972,2420,6.25,6.24,6.23,6.22,6.21,2968,1730,1111,1173,3086,1
2020-01-02 09:32:51,6.25,1663.000,1040880.000,6.27,6.28,6.29,6.3,6.31,1487,4839,5972,2420,240,6.25,6.24,6.23,6.22,6.21,3004,1730,1090,1145,3110,0
2020-01-02 09:32:54,6.26,367.000,229904.000,6.27,6.28,6.29,6.3,6.31,1329,4839,5972,2470,240,6.26,6.25,6.24,6.23,6.22,612,3157,1730,1090,1145,1
2020-01-02 09:32:57,6.27,1095.000,686024.000,6.27,6.28,6.29,6.3,6.31,703,4863,5974,2500,240,6.26,6.25,6.24,6.23,6.22,412,3194,1736,1090,1135,1
2020-01-02 09:33:00,6.27,710.000,445088.000,6.27,6.28,6.29,6.3,6.31,84,4863,5974,2466,240,6.26,6.25,6.24,6.23,6.22,829,3279,1634,1090,1135,1
2020-01-02 09:33:03,6.28,4369.000,2743056.000,6.28,6.29,6.3,6.31,6.32,954,5974,2481,240,3211,6.26,6.25,6.24,6.23,6.22,986,3279,2634,1090,1135,1
2020-01-02 09:33:06,6.28,1201.000,754216.000,6.29,6.3,6.31,6.32,6.33,5895,2446,260,3211,182,6.28,6.27,6.26,6.25,6.24,2783,262,1306,3083,2634,1
2020-01-02 09:33:09,6.29,4461.000,2802720.000,6.29,6.3,6.31,6.32,6.33,4965,2431,260,3211,182,6.28,6.27,6.26,6.25,6.24,210,259,1429,2847,2617,1
2020-01-02 09:33:12,6.29,1023.000,642624.000,6.29,6.3,6.31,6.32,6.33,4603,2434,260,3251,182,6.27,6.26,6.25,6.24,6.23,101,1413,2741,2493,1090,1
2020-01-02 09:33:15,6.29,1042.000,654488.000,6.29,6.3,6.31,6.32,6.33,4174,2434,260,3251,182,6.26,6.25,6.24,6.23,6.22,1442,2741,2493,1090,979,1
2020-01-02 09:33:18,6.27,460.000,288488.000,6.27,6.28,6.29,6.3,6.31,420,5405,4212,2511,260,6.26,6.25,6.24,6.23,6.22,1090,2319,2493,1090,905,0
2020-01-02 09:33:21,6.26,1328.000,831464.000,6.27,6.28,6.29,6.3,6.31,225,5669,3931,2485,260,6.26,6.25,6.24,6.23,6.22,17,2319,2493,1090,905,0
2020-01-02 09:33:24,6.28,1029.000,644864.000,6.28,6.29,6.3,6.31,6.32,5450,3931,2500,260,3281,6.27,6.25,6.24,6.23,6.22,50,2169,2493,1087,905,1
2020-01-02 09:33:27,6.27,1806.000,1132504.000,6.28,6.29,6.3,6.31,6.32,5262,3933,2520,260,3277,6.27,6.26,6.25,6.24,6.23,102,17,2193,2518,1087,0
2020-01-02 09:33:30,6.27,1916.000,1198888.000,6.27,6.28,6.29,6.3,6.31,336,5147,3973,2688,527,6.26,6.25,6.24,6.23,6.22,45,1459,2283,1087,905,0
2020-01-02 09:33:33,6.26,1952.000,1222792.000,6.27,6.28,6.29,6.3,6.31,464,5079,3996,2688,587,6.26,6.25,6.24,6.23,6.22,92,894,2283,1092,906,0
2020-01-02 09:33:36,6.26,495.000,310064.000,6.26,6.27,6.28,6.29,6.3,362,727,5032,4023,2718,6.25,6.24,6.23,6.22,6.21,1094,2223,1092,906,3143,0
2020-01-02 09:33:39,6.27,2304.000,1441472.000,6.27,6.28,6.29,6.3,6.31,748,5032,4023,2761,657,6.26,6.24,6.23,6.22,6.21,286,2223,1092,906,3193,1
2020-01-02 09:33:42,6.26,1131.000,707808.000,6.27,6.28,6.29,6.3,6.31,1783,5032,4073,2772,657,6.26,6.25,6.24,6.23,6.22,67,50,2130,1078,906,0
2020-01-02 09:33:45,6.25,1074.000,672928.000,6.26,6.27,6.28,6.29,6.3,194,1202,4973,4123,3716,6.25,6.24,6.23,6.22,6.21,69,2030,1078,906,3193,0
2020-01-02 09:33:48,6.26,606.000,379456.000,6.27,6.28,6.29,6.3,6.31,1573,4975,4123,3687,695,6.26,6.25,6.24,6.23,6.22,247,385,2030,1092,906,1
2020-01-02 09:33:51,6.25,674.000,421504.000,6.26,6.27,6.28,6.29,6.3,665,1693,4971,4081,3692,6.25,6.24,6.23,6.22,6.21,12,2024,1292,906,3191,0
2020-01-02 09:33:54,6.26,1072.000,669664.000,6.26,6.27,6.28,6.29,6.3,767,1971,5161,4071,3699,6.25,6.24,6.23,6.22,6.21,30,1427,1292,906,3181,1
2020-01-02 09:33:57,6.26,1474.000,922584.000,6.26,6.27,6.28,6.29,6.3,12,1471,5256,4071,3799,6.25,6.24,6.23,6.22,6.21,76,1427,1292,906,3181,1
2020-01-02 09:34:00,6.26,184.000,115080.000,6.26,6.27,6.28,6.29,6.3,63,1471,5151,4071,3849,6.25,6.24,6.23,6.22,6.21,46,1427,1292,906,3181,1
2020-01-02 09:34:03,6.25,252.000,157592.000,6.25,6.26,6.27,6.28,6.29,421,150,1471,5171,4084,6.24,6.23,6.22,6.21,6.2,1427,1292,912,3181,3189,0
2020-01-02 09:34:06,6.25,214.000,133752.000,6.25,6.26,6.27,6.28,6.29,337,164,1466,5295,4089,6.24,6.23,6.22,6.21,6.2,1388,1292,912,3181,2873,1
2020-01-02 09:34:09,6.24,1108.000,692400.000,6.26,6.27,6.28,6.29,6.3,60,1466,5277,4051,4079,6.24,6.23,6.22,6.21,6.2,1110,1297,915,3181,2977,0
2020-01-02 09:34:12,6.25,518.000,323272.000,6.25,6.26,6.27,6.28,6.29,280,162,1466,5397,4051,6.24,6.23,6.22,6.21,6.2,621,1307,915,3181,2977,1
2020-01-02 09:34:15,6.25,1137.000,710216.000,6.25,6.26,6.27,6.28,6.29,359,338,1814,5495,4135,6.24,6.23,6.22,6.21,6.2,216,1307,915,3181,2965,1
2020-01-02 09:34:18,6.24,693.000,432768.000,6.25,6.26,6.27,6.28,6.29,72,338,1814,5326,4135,6.24,6.23,6.22,6.21,6.2,62,1307,915,3181,2975,0
2020-01-02 09:34:21,6.24,310.000,193696.000,6.25,6.26,6.27,6.28,6.29,285,588,1844,5330,4135,6.24,6.23,6.22,6.21,6.2,545,1307,915,3181,2975,0
2020-01-02 09:34:24,6.23,681.000,424968.000,6.24,6.25,6.26,6.27,6.28,104,344,612,1869,5330,6.23,6.22,6.21,6.2,6.19,1264,915,3181,2975,1919,0
2020-01-02 09:34:27,6.24,320.000,199776.000,6.25,6.26,6.27,6.28,6.29,265,548,1663,5330,4135,6.24,6.23,6.22,6.21,6.2,550,1492,915,3181,2984,1
2020-01-02 09:34:30,6.24,117.000,73008.000,6.25,6.26,6.27,6.28,6.29,422,659,1677,5348,4133,6.24,6.23,6.22,6.21,6.2,3583,1502,915,3186,2984,0
2020-01-02 09:34:33,6.25,1571.000,981296.000,6.26,6.27,6.28,6.29,6.3,1280,1687,5352,4213,4210,6.25,6.24,6.23,6.22,6.21,391,3179,1512,962,2186,1
2020-01-02 09:34:36,6.25,68.000,42504.000,6.26,6.27,6.28,6.29,6.3,1204,1697,5352,4213,5916,6.25,6.24,6.23,6.22,6.21,2036,3210,1521,982,2186,0
2020-01-02 09:34:39,6.27,1790.000,1120944.000,6.27,6.28,6.29,6.3,6.31,1231,5373,4346,5916,530,6.26,6.25,6.24,6.23,6.22,1755,1987,3353,1528,1012,1
2020-01-02 09:34:42,6.27,1492.000,935472.000,6.28,6.29,6.3,6.31,6.32,5373,4346,5922,530,3744,6.27,6.26,6.25,6.24,6.23,679,2208,1996,3568,1574,1
2020-01-02 09:34:45,6.27,4594.000,2884272.000,6.28,6.29,6.3,6.31,6.32,1533,4357,5922,530,3744,6.27,6.26,6.25,6.24,6.23,146,2208,1996,3634,1574,0
2020-01-02 09:34:48,6.29,3173.000,1990192.000,6.29,6.3,6.31,6.32,6.33,4222,5922,543,3744,189,6.27,6.26,6.25,6.24,6.23,581,684,1934,3634,1574,1
2020-01-02 09:34:51,6.27,700.000,438896.000,6.27,6.29,6.3,6.31,6.32,423,4264,6512,554,3744,6.26,6.25,6.24,6.23,6.22,599,1934,875,1574,886,0
2020-01-02 09:34:54,6.27,297.000,186208.000,6.27,6.28,6.29,6.3,6.31,133,118,1027,6515,554,6.26,6.25,6.24,6.23,6.22,626,1934,875,1574,989,1
2020-01-02 09:34:57,6.27,605.000,379680.000,6.28,6.29,6.3,6.31,6.32,48,972,6552,554,3744,6.27,6.26,6.25,6.24,6.23,302,628,1930,879,1362,1
2020-01-02 09:35:00,6.27,418.000,262272.000,6.28,6.29,6.3,6.31,6.32,10,1645,6543,595,3744,6.27,6.26,6.25,6.24,6.23,244,628,1380,852,1362,0
2020-01-02 09:35:03,6.28,153.000,96080.000,6.29,6.3,6.31,6.32,6.33,1645,6553,595,3744,189,6.28,6.27,6.26,6.25,6.24,367,415,532,1380,899,1
2020-01-02 09:35:06,6.28,678.000,425728.000,6.28,6.29,6.3,6.31,6.32,280,1676,6773,594,3755,6.27,6.26,6.25,6.24,6.23,424,57,1201,899,1362,0
2020-01-02 09:35:09,6.29,872.000,547904.000,6.28,6.29,6.3,6.31,6.32,10,1399,6773,594,3755,6.27,6.26,6.25,6.24,6.23,523,57,1201,737,1368,1
2020-01-02 09:35:12,6.28,944.000,593168.000,6.28,6.29,6.3,6.31,6.32,96,1121,5884,611,3755,6.27,6.26,6.25,6.24,6.23,543,87,1184,756,1368,0
2020-01-02 09:35:15,6.28,488.000,306736.000,6.29,6.3,6.31,6.32,6.33,892,5997,611,3755,242,6.28,6.27,6.26,6.25,6.24,2523,572,124,1184,756,1
2020-01-02 09:35:18,6.3,2216.000,1394912.000,6.3,6.31,6.32,6.33,6.34,4811,611,3793,242,1137,6.29,6.28,6.27,6.26,6.25,221,3252,546,705,1184,1
2020-01-02 09:35:21,6.31,5458.000,3438576.000,6.31,6.32,6.33,6.34,6.35,222,3793,242,1137,2081,6.3,6.29,6.28,6.27,6.26,361,290,3794,546,722,1
2020-01-02 09:35:24,6.31,1212.000,764896.000,6.31,6.32,6.33,6.34,6.35,2749,3316,242,1137,2650,6.3,6.29,6.28,6.27,6.26,158,318,3097,296,722,1
2020-01-02 09:35:27,6.31,3448.000,2176352.000,6.32,6.33,6.34,6.35,6.36,2655,437,1137,2650,2013,6.31,6.3,6.29,6.28,6.27,361,258,126,2927,296,1
2020-01-02 09:35:30,6.3,861.000,543248.000,6.31,6.32,6.33,6.34,6.35,2997,2578,437,4034,2650,6.3,6.29,6.28,6.27,6.26,207,183,2826,209,891,0
2020-01-02 09:35:33,6.3,911.000,574352.000,6.3,6.31,6.32,6.33,6.34,351,3202,2450,439,4034,6.29,6.28,6.27,6.26,6.25,193,2735,209,891,1255,0
2020-01-02 09:35:36,6.28,3827.000,2403552.000,6.28,6.29,6.3,6.31,6.32,1876,1197,1239,3282,2456,6.26,6.25,6.24,6.23,6.22,891,1255,655,1349,979,0
2020-01-02 09:35:39,6.28,1148.000,719952.000,6.28,6.29,6.3,6.31,6.32,1228,1044,1696,3521,2455,6.26,6.25,6.24,6.23,6.22,448,1246,655,1349,979,1
2020-01-02 09:35:42,6.27,1114.000,698336.000,6.27,6.28,6.29,6.3,6.31,196,1047,1054,1371,3532,6.26,6.25,6.24,6.23,6.22,19,1246,655,1349,979,0
2020-01-02 09:35:45,6.28,1438.000,902496.000,6.28,6.29,6.3,6.31,6.32,17,1054,1371,3759,2460,6.26,6.25,6.24,6.23,6.22,37,1214,655,1349,979,1
2020-01-02 09:35:48,6.27,955.000,599648.000,6.28,6.29,6.3,6.31,6.32,72,734,1730,3689,2526,6.27,6.26,6.25,6.24,6.23,209,321,1214,683,1339,0
2020-01-02 09:35:51,6.28,520.000,326688.000,6.29,6.3,6.31,6.32,6.33,532,1790,3370,2565,523,6.28,6.27,6.26,6.25,6.24,286,167,1464,1234,683,1
2020-01-02 09:35:54,6.28,83.000,52192.000,6.29,6.3,6.31,6.32,6.33,607,1536,3531,2665,523,6.28,6.27,6.26,6.25,6.24,984,957,1464,1234,688,0
2020-01-02 09:35:57,6.29,1540.000,969136.000,6.3,6.31,6.32,6.33,6.34,1289,3531,2665,523,4034,6.29,6.28,6.27,6.26,6.25,162,1267,951,1458,1529,1
2020-01-02 09:36:00,6.31,1860.000,1171536.000,6.3,6.31,6.32,6.33,6.34,10,3456,2670,523,4034,6.29,6.28,6.27,6.26,6.25,83,1127,382,1458,1529,1
2020-01-02 09:36:03,6.29,1415.000,891616.000,6.29,6.3,6.31,6.32,6.33,886,2028,3050,2685,523,6.28,6.27,6.26,6.25,6.24,1095,368,1418,1567,691,0
2020-01-02 09:36:06,6.29,1828.000,1149104.000,6.29,6.3,6.31,6.32,6.33,181,2098,3120,2625,523,6.28,6.27,6.26,6.25,6.24,664,573,923,1567,721,1
2020-01-02 09:36:09,6.3,1140.000,717056.000,6.3,6.31,6.32,6.33,6.34,1934,3173,2635,633,4034,6.29,6.28,6.27,6.26,6.25,131,479,470,993,1567,1
2020-01-02 09:36:12,6.29,852.000,536080.000,6.29,6.3,6.31,6.32,6.33,3444,2333,3202,2640,633,6.28,6.27,6.26,6.25,6.24,479,470,993,1567,618,0
2020-01-02 09:36:15,6.27,2974.000,1869600.000,6.28,6.29,6.3,6.31,6.32,439,2394,2559,3289,2644,6.27,6.26,6.25,6.24,6.23,317,959,1567,618,1289,0
2020-01-02 09:36:18,6.26,2559.000,1607280.000,6.27,6.28,6.29,6.3,6.31,2944,105,2292,2667,3279,6.26,6.25,6.24,6.23,6.22,992,1517,618,1289,1029,0
2020-01-02 09:36:21,6.27,2315.000,1451504.000,6.27,6.28,6.29,6.3,6.31,752,3123,2435,2696,3279,6.26,6.25,6.24,6.23,6.22,1033,1517,618,1289,1043,1
2020-01-02 09:36:25,6.27,1030.000,645696.000,6.27,6.28,6.29,6.3,6.31,151,3123,2433,2935,3279,6.26,6.25,6.24,6.23,6.22,971,1517,618,1289,1043,1
2020-01-02 09:36:27,6.26,1044.000,654864.000,6.28,6.29,6.3,6.31,6.32,357,5350,3209,3134,3300,6.26,6.25,6.24,6.23,6.22,847,1551,618,1289,1043,0
2020-01-02 09:36:30,6.27,1977.000,1240656.000,6.27,6.28,6.29,6.3,6.31,351,71,4850,3256,3138,6.26,6.25,6.24,6.23,6.22,892,1551,636,1289,1043,1
2020-01-02 09:36:33,6.28,1130.000,708864.000,6.29,6.3,6.31,6.32,6.33,4850,3266,3191,3275,593,6.28,6.27,6.26,6.25,6.24,383,460,635,1551,636,1
2020-01-02 09:36:36,6.27,626.000,392944.000,6.29,6.3,6.31,6.32,6.33,4917,3274,3207,3275,593,6.28,6.27,6.26,6.25,6.24,8,348,975,1598,636,0
2020-01-02 09:36:39,6.27,140.000,87856.000,6.28,6.29,6.3,6.31,6.32,455,4816,3286,3207,3275,6.27,6.26,6.25,6.24,6.23,414,1150,1808,656,1289,0
2020-01-02 09:36:42,6.28,743.000,466688.000,6.28,6.29,6.3,6.31,6.32,75,4773,3315,3211,3275,6.27,6.26,6.25,6.24,6.23,490,1126,1808,656,1289,1
2020-01-02 09:36:45,6.27,938.000,588560.000,6.29,6.3,6.31,6.32,6.33,5077,3353,3293,3275,605,6.28,6.27,6.26,6.25,6.24,2,1010,838,1808,656,0
2020-01-02 09:36:48,6.29,761.000,478480.000,6.29,6.3,6.31,6.32,6.33,4525,3383,3493,3265,605,6.28,6.27,6.26,6.25,6.24,622,941,800,1883,691,1
2020-01-02 09:36:51,6.28,443.000,278480.000,6.29,6.3,6.31,6.32,6.33,3667,3412,3493,3345,605,6.28,6.27,6.26,6.25,6.24,574,908,1165,1883,691,0
2020-01-02 09:36:54,6.28,132.000,82912.000,6.29,6.3,6.31,6.32,6.33,3711,3676,3505,3352,605,6.28,6.27,6.26,6.25,6.24,1081,898,1149,1888,691,0
2020-01-02 09:36:57,6.28,1300.000,816992.000,6.29,6.3,6.31,6.32,6.33,3190,3630,3505,3352,605,6.28,6.27,6.26,6.25,6.24,484,858,1149,1888,691,0
2020-01-02 09:37:00,6.28,503.000,315984.000,6.29,6.3,6.31,6.32,6.33,3234,3675,3509,3355,605,6.28,6.27,6.26,6.25,6.24,162,835,1149,1880,691,0
2020-01-02 09:37:03,6.28,279.000,175248.000,6.28,6.29,6.3,6.31,6.32,1340,3190,3757,3509,3387,6.27,6.26,6.25,6.24,6.23,897,1175,1880,691,1289,0
2020-01-02 09:37:07,6.28,1432.000,899248.000,6.28,6.29,6.3,6.31,6.32,225,3190,3777,3509,3387,6.27,6.26,6.25,6.24,6.23,928,1084,1880,691,1299,1
2020-01-02 09:37:09,6.28,596.000,374272.000,6.28,6.29,6.3,6.31,6.32,108,3224,3788,3503,3387,6.27,6.26,6.25,6.24,6.23,1044,1089,1880,691,1299,1
2020-01-02 09:37:12,6.28,609.000,383104.000,6.29,6.3,6.31,6.32,6.33,3021,3793,3503,3387,605,6.28,6.27,6.26,6.25,6.24,1200,1062,1089,1860,741,1
2020-01-02 09:37:16,6.28,787.000,494928.000,6.29,6.3,6.31,6.32,6.33,2247,4009,3504,3398,605,6.28,6.27,6.26,6.25,6.24,1277,1061,1086,1862,741,0
2020-01-02 09:37:19,6.3,3697.000,2324208.000,6.3,6.31,6.32,6.33,6.34,3928,3504,3398,605,1200,6.29,6.28,6.27,6.26,6.25,279,94,1071,1331,1862,1
2020-01-02 09:37:21,6.3,237.000,149264.000,6.3,6.31,6.32,6.33,6.34,3839,3504,3398,605,1200,6.29,6.28,6.27,6.26,6.25,5490,133,1101,1315,1862,1
2020-01-02 09:37:24,6.3,5630.000,3548496.000,6.31,6.32,6.33,6.34,6.35,1811,3398,605,1200,3518,6.3,6.29,6.28,6.27,6.26,1187,5210,336,1082,1815,1
2020-01-02 09:37:27,6.31,2078.000,1310848.000,6.32,6.33,6.34,6.35,6.36,3323,605,1200,3529,2230,6.31,6.3,6.29,6.28,6.27,506,1081,5253,507,1044,1
2020-01-02 09:37:30,6.32,1582.000,999760.000,6.32,6.33,6.34,6.35,6.36,1805,605,1200,3529,2230,6.31,6.3,6.29,6.28,6.27,864,1232,5253,502,1045,1
2020-01-02 09:37:33,6.32,1092.000,690080.000,6.32,6.33,6.34,6.35,6.36,778,605,1158,3539,2238,6.31,6.3,6.29,6.28,6.27,828,1427,126,502,1025,1
2020-01-02 09:37:36,6.32,984.000,621840.000,6.33,6.34,6.35,6.36,6.37,605,1158,3539,2238,981,6.32,6.31,6.3,6.29,6.28,1467,849,610,126,502,1
2020-01-02 09:37:39,6.32,418.000,264528.000,6.33,6.34,6.35,6.36,6.37,521,722,3544,2238,981,6.32,6.31,6.3,6.29,6.28,3251,548,471,126,512,0
2020-01-02 09:37:42,6.34,923.000,584480.000,6.34,6.35,6.36,6.37,6.38,1298,3382,2238,981,606,6.33,6.32,6.31,6.3,6.29,758,3308,509,411,117,1
2020-01-02 09:37:45,6.34,2260.000,1431984.000,6.34,6.35,6.36,6.37,6.38,518,3383,2256,981,596,6.33,6.32,6.31,6.3,6.29,423,2750,144,387,117,1
2020-01-02 09:37:48,6.32,2861.000,1810832.000,6.33,6.34,6.35,6.36,6.37,1036,859,3395,2256,959,6.32,6.31,6.3,6.29,6.28,747,149,407,117,523,0
2020-01-02 09:37:51,6.32,2651.000,1675552.000,6.32,6.33,6.34,6.35,6.36,1768,2688,571,3332,2250,6.31,6.3,6.29,6.28,6.27,56,416,117,547,1028,0
2020-01-02 09:37:54,6.34,4846.000,3062528.000,6.31,6.32,6.34,6.35,6.36,800,199,912,2773,2250,6.3,6.29,6.28,6.27,6.26,74,117,514,1018,1691,1
2020-01-02 09:37:57,6.31,750.000,473216.000,6.31,6.32,6.33,6.34,6.35,89,199,2,966,2773,6.3,6.29,6.28,6.27,6.26,79,127,544,968,1691,0
2020-01-02 09:38:01,6.32,1293.000,817360.000,6.33,6.34,6.35,6.36,6.37,50,1157,2782,2250,857,6.32,6.31,6.3,6.29,6.28,29,705,489,127,544,1
2020-01-02 09:38:03,6.32,450.000,284432.000,6.32,6.33,6.34,6.35,6.36,444,860,1246,2835,2319,6.31,6.3,6.29,6.28,6.27,1143,507,27,544,916,0
2020-01-02 09:38:06,6.33,1692.000,1070768.000,6.33,6.34,6.35,6.36,6.37,475,1430,2854,2409,857,6.32,6.31,6.3,6.29,6.28,6,1208,707,27,625,1
2020-01-02 09:38:09,6.33,877.000,554768.000,6.33,6.34,6.35,6.36,6.37,3825,1499,2859,2414,857,6.31,6.3,6.29,6.28,6.27,1073,697,27,625,899,1
2020-01-02 09:38:12,6.33,1041.000,658864.000,6.33,6.34,6.35,6.36,6.37,3719,1706,3089,2414,1817,6.32,6.31,6.3,6.29,6.28,42,1225,782,27,775,1
2020-01-02 09:38:15,6.3,2359.000,1487136.000,6.3,6.31,6.32,6.33,6.34,323,17,2278,3834,2410,6.29,6.28,6.27,6.26,6.25,27,824,922,1682,1853,0
2020-01-02 09:38:18,6.32,754.000,475840.000,6.32,6.33,6.34,6.35,6.36,2622,3823,2436,3098,2417,6.3,6.29,6.28,6.27,6.26,28,130,824,773,1682,1
2020-01-02 09:38:21,6.31,261.000,164704.000,6.31,6.32,6.33,6.34,6.35,29,2841,3977,2541,3123,6.3,6.29,6.28,6.27,6.26,34,159,1223,873,1682,0
2020-01-02 09:38:24,6.3,1142.000,720592.000,6.31,6.32,6.33,6.34,6.35,10,2681,4579,2560,3125,6.3,6.29,6.28,6.27,6.26,193,775,1223,946,1679,0
2020-01-02 09:38:27,6.31,2663.000,1677616.000,6.31,6.32,6.33,6.34,6.35,1182,2560,4634,2451,3121,6.3,6.28,6.27,6.26,6.25,496,1045,946,1679,1890,1
2020-01-02 09:38:30,6.31,288.000,181648.000,6.31,6.32,6.33,6.34,6.35,1437,2916,4584,2493,3130,6.3,6.29,6.28,6.27,6.26,1223,35,1071,946,1683,1
2020-01-02 09:38:33,6.31,187.000,117936.000,6.31,6.32,6.33,6.34,6.35,1594,2626,4484,2533,3130,6.3,6.29,6.28,6.27,6.26,1349,55,2121,946,1683,1
2020-01-02 09:38:36,6.29,1867.000,1175872.000,6.29,6.3,6.31,6.32,6.33,3249,117,1658,2470,4416,6.28,6.27,6.26,6.25,6.24,2111,979,1683,1869,805,0
2020-01-02 09:38:39,6.28,4081.000,2564944.000,6.29,6.3,6.31,6.32,6.33,1184,695,1801,2516,4414,6.28,6.27,6.26,6.25,6.24,85,891,1783,1869,705,0
2020-01-02 09:38:42,6.28,348.000,218688.000,6.28,6.29,6.3,6.31,6.32,949,1169,714,1501,2466,6.27,6.26,6.25,6.24,6.23,891,1783,1869,669,312,0
2020-01-02 09:38:45,6.27,758.000,475776.000,6.28,6.29,6.3,6.31,6.32,456,1162,689,1535,2483,6.27,6.26,6.25,6.24,6.23,691,1783,1799,641,296,0
2020-01-02 09:38:48,6.27,254.000,159424.000,6.28,6.29,6.3,6.31,6.32,305,1162,685,1523,2501,6.27,6.26,6.25,6.24,6.23,752,1783,1767,622,296,0
2020-01-02 09:38:51,6.29,1379.000,866320.000,6.29,6.3,6.31,6.32,6.33,711,734,1578,2451,3876,6.28,6.27,6.26,6.25,6.24,1507,756,1817,1767,622,1
2020-01-02 09:38:54,6.28,351.000,220480.000,6.29,6.3,6.31,6.32,6.33,658,660,1461,2240,3876,6.28,6.27,6.26,6.25,6.24,1877,637,1872,1767,622,0
2020-01-02 09:38:57,6.29,436.000,273952.000,6.29,6.3,6.31,6.32,6.33,545,780,1440,2240,3876,6.28,6.27,6.26,6.25,6.24,2051,666,1886,1768,622,1
2020-01-02 09:39:00,6.31,2128.000,1340688.000,6.3,6.31,6.32,6.33,6.34,20,715,2231,3876,1802,6.29,6.28,6.27,6.26,6.25,66,2038,700,1899,1768,1
2020-01-02 09:39:03,6.3,775.000,488224.000,6.31,6.32,6.33,6.34,6.35,780,2231,3884,1804,3750,6.3,6.29,6.28,6.27,6.26,261,630,2153,769,1899,0
2020-01-02 09:39:06,6.32,4304.000,2712944.000,6.32,6.33,6.34,6.35,6.36,606,3884,1804,3807,2393,6.29,6.28,6.27,6.26,6.25,10,1378,769,1899,1786,1
2020-01-02 09:39:09,6.3,108.000,68064.000,6.31,6.32,6.33,6.34,6.35,169,703,4642,1834,3807,6.3,6.29,6.28,6.27,6.26,10,336,975,769,1907,0
2020-01-02 09:39:12,6.3,457.000,288752.000,6.32,6.33,6.34,6.35,6.36,466,4642,1822,3807,2393,6.3,6.29,6.28,6.27,6.26,550,1384,998,868,1857,0
2020-01-02 09:39:15,6.32,244.000,153968.000,6.32,6.33,6.34,6.35,6.36,584,4652,1889,3818,2393,6.31,6.3,6.29,6.28,6.27,239,632,1384,1007,869,1
2020-01-02 09:39:18,6.3,873.000,550928.000,6.32,6.33,6.34,6.35,6.36,477,4662,1889,3818,2393,6.3,6.29,6.28,6.27,6.26,737,1363,595,1368,1863,0
2020-01-02 09:39:21,6.33,4114.000,2602912.000,6.33,6.34,6.35,6.36,6.37,1813,1889,3774,2393,1904,6.31,6.3,6.29,6.28,6.27,2,741,1383,595,1373,1
2020-01-02 09:39:24,6.32,423.000,267200.000,6.33,6.34,6.35,6.36,6.37,1900,1889,3777,2559,1904,6.32,6.31,6.3,6.29,6.28,278,221,921,1383,600,0
2020-01-02 09:39:27,6.32,1553.000,982576.000,6.32,6.33,6.34,6.35,6.36,6,834,2187,3869,2559,6.31,6.3,6.29,6.28,6.27,353,1001,1183,614,1378,0
2020-01-02 09:39:30,6.32,473.000,299152.000,6.33,6.34,6.35,6.36,6.37,635,2177,3869,2642,1904,6.32,6.31,6.3,6.29,6.28,25,358,1050,1193,623,1
2020-01-02 09:39:33,6.32,1495.000,945200.000,6.33,6.34,6.35,6.36,6.37,330,2096,3851,2642,1904,6.32,6.31,6.3,6.29,6.28,1,400,1081,1223,623,0
2020-01-02 09:39:36,6.33,727.000,459856.000,6.33,6.34,6.35,6.36,6.37,186,2221,3862,2642,1908,6.32,6.31,6.3,6.29,6.28,267,374,1083,1173,880,1
2020-01-02 09:39:39,6.34,1897.000,1202000.000,6.34,6.35,6.36,6.37,6.38,888,4013,2642,1908,1705,6.32,6.31,6.3,6.29,6.28,174,431,1087,1168,864,1
2020-01-02 09:39:42,6.35,1433.000,908160.000,6.35,6.36,6.37,6.38,6.39,3854,2867,1928,1705,2885,6.34,6.32,6.31,6.3,6.29,180,203,431,1127,1141,1
2020-01-02 09:39:45,6.34,402.000,254768.000,6.34,6.35,6.36,6.37,6.38,381,4657,2887,1928,1710,6.32,6.31,6.3,6.29,6.28,185,418,1070,1141,849,0
2020-01-02 09:39:48,6.33,1321.000,837360.000,6.33,6.34,6.35,6.36,6.37,600,1927,4372,2912,1928,6.32,6.31,6.3,6.29,6.28,389,358,947,302,834,0
2020-01-02 09:39:51,6.33,587.000,371344.000,6.33,6.34,6.35,6.36,6.37,1291,2123,4377,2912,1919,6.32,6.31,6.3,6.29,6.28,949,309,837,192,826,1
2020-01-02 09:39:54,6.33,1233.000,780480.000,6.33,6.34,6.35,6.36,6.37,78,2261,4405,2912,1008,6.32,6.31,6.3,6.29,6.28,984,271,922,192,770,1
2020-01-02 09:39:57,6.33,762.000,482720.000,6.33,6.34,6.35,6.36,6.37,39,2129,4407,2914,1508,6.32,6.31,6.3,6.29,6.28,1006,307,988,192,770,1
2020-01-02 09:40:00,6.33,999.000,632832.000,6.34,6.35,6.36,6.37,6.38,1757,4408,2914,1508,1725,6.33,6.32,6.31,6.3,6.29,434,1084,307,884,193,1
2020-01-02 09:40:03,6.34,491.000,310896.000,6.34,6.35,6.36,6.37,6.38,3221,4497,2938,1548,1725,6.33,6.32,6.31,6.3,6.29,944,1125,307,927,158,1
2020-01-02 09:40:06,6.33,3527.000,2235520.000,6.34,6.35,6.36,6.37,6.38,321,5079,2982,1548,1725,6.33,6.32,6.31,6.3,6.29,508,1420,307,935,160,0
2020-01-02 09:40:09,6.34,470.000,297728.000,6.35,6.36,6.37,6.38,6.39,5163,3050,1549,1725,3047,6.34,6.33,6.32,6.31,6.3,238,1096,1420,309,955,1
2020-01-02 09:40:12,6.34,1746.000,1107168.000,6.34,6.35,6.36,6.37,6.38,969,5097,3050,1549,1733,6.33,6.32,6.31,6.3,6.29,1115,1339,305,955,160,0
2020-01-02 09:40:15,6.33,2775.000,1757408.000,6.33,6.34,6.35,6.36,6.37,245,564,5173,3073,1549,6.32,6.31,6.3,6.29,6.28,1339,315,955,160,880,0
2020-01-02 09:40:18,6.34,825.000,522752.000,6.33,6.34,6.35,6.36,6.37,206,1787,5203,3073,1549,6.32,6.31,6.3,6.29,6.28,1283,315,955,160,880,1
2020-01-02 09:40:21,6.33,2548.000,1610544.000,6.33,6.34,6.35,6.36,6.37,539,2290,5350,3087,1549,6.31,6.3,6.29,6.28,6.27,315,925,160,880,1320,0
2020-01-02 09:40:24,6.32,870.000,550304.000,6.32,6.33,6.34,6.35,6.36,1723,378,2592,5360,3316,6.31,6.3,6.29,6.28,6.27,319,875,160,880,1320,0
2020-01-02 09:40:27,6.3,1979.000,1248416.000,6.3,6.31,6.32,6.33,6.34,565,43,1048,470,2384,6.29,6.28,6.27,6.26,6.25,160,880,1320,1669,2105,0
2020-01-02 09:40:30,6.3,260.000,163792.000,6.3,6.31,6.32,6.33,6.34,322,243,1055,414,1861,6.29,6.28,6.27,6.26,6.25,149,880,1320,1669,2105,1
2020-01-02 09:40:33,6.3,157.000,98896.000,6.3,6.31,6.32,6.33,6.34,165,356,1055,439,2067,6.29,6.28,6.27,6.26,6.25,341,1024,1320,1669,2105,1
2020-01-02 09:40:36,6.29,2153.000,1354832.000,6.29,6.3,6.31,6.32,6.33,110,20,336,1055,469,6.28,6.27,6.26,6.25,6.24,1053,1320,1669,2105,735,0
2020-01-02 09:40:39,6.29,581.000,365392.000,6.29,6.3,6.31,6.32,6.33,32,30,447,1055,448,6.28,6.27,6.26,6.25,6.24,1296,1340,1669,2110,735,1
2020-01-02 09:40:42,6.31,2308.000,1451328.000,6.31,6.32,6.33,6.34,6.35,391,1074,645,2789,5268,6.3,6.29,6.28,6.27,6.26,52,136,76,1340,1669,1
2020-01-02 09:40:45,6.3,99.000,62368.000,6.31,6.32,6.33,6.34,6.35,395,1088,637,2500,5267,6.3,6.29,6.28,6.27,6.26,60,316,88,1360,1669,0
2020-01-02 09:40:48,6.32,559.000,352640.000,6.32,6.33,6.34,6.35,6.36,1079,667,2470,5517,3356,6.31,6.29,6.28,6.27,6.26,1988,419,325,1360,1669,1
2020-01-02 09:40:51,6.31,515.000,325376.000,6.32,6.33,6.34,6.35,6.36,650,693,2600,5738,3356,6.31,6.3,6.29,6.28,6.27,1967,15,540,573,1360,0
2020-01-02 09:40:54,6.32,822.000,519472.000,6.33,6.34,6.35,6.36,6.37,702,2478,5735,3356,2936,6.32,6.31,6.3,6.29,6.28,481,1937,66,533,623,1
2020-01-02 09:40:57,6.33,340.000,215008.000,6.33,6.34,6.35,6.36,6.37,668,2478,5767,3356,2936,6.32,6.31,6.3,6.29,6.28,308,1937,102,633,662,1
2020-01-02 09:41:00,6.31,443.000,280016.000,6.32,6.33,6.34,6.35,6.36,59,862,2479,5810,3392,6.31,6.3,6.29,6.28,6.27,1892,173,633,680,1360,0
2020-01-02 09:41:03,6.32,445.000,281200.000,6.32,6.33,6.34,6.35,6.36,531,985,2728,5896,3392,6.31,6.3,6.29,6.28,6.27,2086,376,633,478,1460,1
2020-01-02 09:41:07,6.32,392.000,247648.000,6.32,6.33,6.34,6.35,6.36,467,1583,2758,5904,3392,6.31,6.3,6.29,6.28,6.27,2036,396,885,478,1445,1
2020-01-02 09:41:09,6.32,294.000,185792.000,6.32,6.33,6.34,6.35,6.36,499,2154,2798,5980,3424,6.31,6.3,6.29,6.28,6.27,2038,408,887,571,1445,1
2020-01-02 09:41:12,6.32,273.000,172448.000,6.32,6.33,6.34,6.35,6.36,370,2255,2837,5985,3432,6.31,6.3,6.29,6.28,6.27,1973,813,887,706,1446,1
2020-01-02 09:41:15,6.32,486.000,307136.000,6.32,6.33,6.34,6.35,6.36,162,2502,2841,6101,3432,6.31,6.3,6.29,6.28,6.27,1984,826,907,706,1479,1
2020-01-02 09:41:18,6.32,1716.000,1083104.000,6.32,6.33,6.34,6.35,6.36,23,2119,3820,6164,3442,6.31,6.3,6.29,6.28,6.27,578,889,904,1098,1519,1
2020-01-02 09:41:21,6.32,246.000,155232.000,6.32,6.33,6.34,6.35,6.36,118,2127,3860,6166,3472,6.31,6.3,6.29,6.28,6.27,313,969,899,1156,1519,1
2020-01-02 09:41:24,6.31,872.000,549936.000,6.31,6.32,6.33,6.34,6.35,48,877,2396,3903,6167,6.3,6.29,6.28,6.27,6.26,561,890,1166,1519,1721,0
2020-01-02 09:41:27,6.3,264.000,166608.000,6.31,6.32,6.33,6.34,6.35,173,907,2321,3909,6193,6.3,6.29,6.28,6.27,6.26,498,900,1166,1519,1721,0
2020-01-02 09:41:30,6.3,881.000,555024.000,6.3,6.31,6.32,6.33,6.34,515,461,1365,2331,3773,6.29,6.28,6.27,6.26,6.25,904,1166,1519,1721,2344,0
2020-01-02 09:41:33,6.29,340.000,213904.000,6.3,6.31,6.32,6.33,6.34,724,641,1635,2342,3769,6.29,6.28,6.27,6.26,6.25,615,1166,1519,1721,2344,0
2020-01-02 09:41:36,6.3,988.000,621504.000,6.3,6.31,6.32,6.33,6.34,698,543,1635,2491,3773,6.28,6.27,6.26,6.25,6.24,1001,1523,1721,2354,532,1
2020-01-02 09:41:39,6.29,106.000,66976.000,6.3,6.31,6.32,6.33,6.34,821,778,1613,2325,3773,6.29,6.28,6.27,6.26,6.25,56,1001,1523,1721,2354,0
2020-01-02 09:41:43,6.3,297.000,186928.000,6.3,6.31,6.32,6.33,6.34,886,778,1613,2350,3730,6.29,6.28,6.27,6.26,6.25,283,1008,1518,1721,2354,1
2020-01-02 09:41:45,6.29,519.000,326272.000,6.3,6.31,6.32,6.33,6.34,813,778,1598,2348,3506,6.29,6.28,6.27,6.26,6.25,6,825,1518,1708,2354,0
2020-01-02 09:41:48,6.28,1547.000,973392.000,6.3,6.31,6.32,6.33,6.34,462,674,1601,2257,3672,6.29,6.28,6.27,6.26,6.25,200,703,1518,1678,2354,0
2020-01-02 09:41:51,6.29,278.000,174880.000,6.3,6.31,6.32,6.33,6.34,367,819,1593,2207,3931,6.29,6.28,6.27,6.26,6.25,16,774,1518,1778,2359,1
2020-01-02 09:41:54,6.29,121.000,76192.000,6.3,6.31,6.32,6.33,6.34,660,855,1579,2244,3951,6.29,6.28,6.27,6.26,6.25,33,790,1518,1778,2389,0
2020-01-02 09:41:57,6.29,176.000,110816.000,6.29,6.3,6.31,6.32,6.33,195,1885,855,1579,2244,6.28,6.27,6.26,6.25,6.24,836,1524,1778,2389,538,0
2020-01-02 09:42:00,6.29,263.000,165408.000,6.29,6.3,6.31,6.32,6.33,263,1906,873,1579,2239,6.28,6.27,6.26,6.25,6.24,829,1474,1788,2443,538,1
2020-01-02 09:42:03,6.29,244.000,153456.000,6.29,6.3,6.31,6.32,6.33,473,1926,688,1629,2239,6.28,6.27,6.26,6.25,6.24,839,1474,1798,2448,538,1
2020-01-02 09:42:06,6.28,206.000,129456.000,6.29,6.3,6.31,6.32,6.33,569,1965,648,1629,2239,6.28,6.27,6.26,6.25,6.24,741,1531,1798,2448,538,0
2020-01-02 09:42:09,6.29,536.000,337120.000,6.29,6.3,6.31,6.32,6.33,106,2055,648,1633,2950,6.28,6.27,6.26,6.25,6.24,751,1531,1811,2448,538,1
2020-01-02 09:42:12,6.3,318.000,199984.000,6.3,6.31,6.32,6.33,6.34,1996,648,1633,2950,3936,6.29,6.28,6.27,6.26,6.25,714,736,1551,1811,2448,1
2020-01-02 09:42:15,6.29,878.000,552176.000,6.29,6.3,6.31,6.32,6.33,172,1996,648,1876,2972,6.28,6.27,6.26,6.25,6.24,1197,1546,1819,2458,651,0
2020-01-02 09:42:18,6.3,2103.000,1324368.000,6.3,6.31,6.32,6.33,6.34,252,623,1826,2878,3839,6.29,6.28,6.27,6.26,6.25,2,1798,1496,1819,2458,1
2020-01-02 09:42:21,6.29,212.000,133296.000,6.29,6.3,6.31,6.32,6.33,20,556,623,1826,2878,6.28,6.27,6.26,6.25,6.24,1754,1596,1849,2458,651,0
2020-01-02 09:42:24,6.29,666.000,419104.000,6.29,6.3,6.31,6.32,6.33,1591,454,623,1826,2928,6.28,6.27,6.26,6.25,6.24,1813,1586,1849,2473,651,1
2020-01-02 09:42:27,6.28,2570.000,1614928.000,6.29,6.3,6.31,6.32,6.33,1195,540,741,1826,2941,6.28,6.27,6.26,6.25,6.24,434,1586,1849,2473,651,0
2020-01-02 09:42:30,6.29,365.000,229440.000,6.29,6.3,6.31,6.32,6.33,989,596,741,1826,3086,6.28,6.27,6.26,6.25,6.24,263,1601,1849,2662,651,1
2020-01-02 09:42:33,6.28,329.000,206224.000,6.28,6.29,6.3,6.31,6.32,5,1226,674,770,1874,6.27,6.26,6.25,6.24,6.23,1601,1849,2662,651,3912,0
2020-01-02 09:42:36,6.28,422.000,264992.000,6.28,6.29,6.3,6.31,6.32,48,1227,704,774,1874,6.27,6.26,6.25,6.24,6.23,1612,1858,2662,651,3910,1
2020-01-02 09:42:39,6.28,340.000,213536.000,6.29,6.3,6.31,6.32,6.33,1224,673,706,1877,3270,6.28,6.27,6.26,6.25,6.24,1304,1574,1858,2662,651,1
2020-01-02 09:42:42,6.28,664.000,417312.000,6.29,6.3,6.31,6.32,6.33,904,733,733,1888,3270,6.28,6.27,6.26,6.25,6.24,1053,1579,1858,2662,671,0
2020-01-02 09:42:45,6.29,1131.000,711712.000,6.3,6.31,6.32,6.33,6.34,404,743,1661,3270,4101,6.29,6.28,6.27,6.26,6.25,1921,1556,1614,1875,2682,1
2020-01-02 09:42:48,6.29,210.000,132096.000,6.3,6.31,6.32,6.33,6.34,398,743,1661,3270,3963,6.29,6.28,6.27,6.26,6.25,2454,1893,1633,1975,2682,0
2020-01-02 09:42:51,6.29,156.000,98144.000,6.3,6.31,6.32,6.33,6.34,393,750,1761,3310,4013,6.29,6.28,6.27,6.26,6.25,2322,1854,1633,1975,2682,0
2020-01-02 09:42:54,6.29,153.000,96272.000,6.3,6.31,6.32,6.33,6.34,392,741,1811,3410,4013,6.29,6.28,6.27,6.26,6.25,2214,1888,1633,1959,2682,0
2020-01-02 09:42:57,6.3,434.000,273152.000,6.3,6.31,6.32,6.33,6.34,260,743,1811,3410,4013,6.29,6.28,6.27,6.26,6.25,1966,1890,1679,1952,2682,1
2020-01-02 09:43:00,6.29,139.000,87440.000,6.3,6.31,6.32,6.33,6.34,250,746,1824,3410,4013,6.29,6.28,6.27,6.26,6.25,1852,1908,1701,1952,2682,0
2020-01-02 09:43:03,6.29,1033.000,650736.000,6.3,6.31,6.32,6.33,6.34,779,766,1830,3410,4013,6.29,6.28,6.27,6.26,6.25,1800,1913,1701,1952,2684,0
2020-01-02 09:43:06,6.29,380.000,239024.000,6.3,6.31,6.32,6.33,6.34,788,838,1903,3410,4013,6.29,6.28,6.27,6.26,6.25,2219,1371,1701,1952,2684,0
2020-01-02 09:43:09,6.29,297.000,187024.000,6.3,6.31,6.32,6.33,6.34,597,957,1903,3518,4023,6.29,6.28,6.27,6.26,6.25,2007,1386,1728,1952,2684,0
2020-01-02 09:43:12,6.3,577.000,363440.000,6.3,6.31,6.32,6.33,6.34,84,966,1542,3649,4033,6.29,6.28,6.27,6.26,6.25,1861,1386,1728,1952,2684,1
2020-01-02 09:43:15,6.3,258.000,162288.000,6.31,6.32,6.33,6.34,6.35,1088,1550,3649,4033,7107,6.3,6.29,6.28,6.27,6.26,431,1879,1388,1728,1952,1
2020-01-02 09:43:18,6.29,635.000,399888.000,6.3,6.31,6.32,6.33,6.34,322,1216,1550,3671,4057,6.29,6.28,6.27,6.26,6.25,1737,1343,1728,1953,2674,0
2020-01-02 09:43:21,6.29,430.000,270848.000,6.3,6.31,6.32,6.33,6.34,279,1223,1493,3572,4040,6.29,6.28,6.27,6.26,6.25,1681,1374,1728,1953,2624,0
2020-01-02 09:43:24,6.31,396.000,249488.000,6.31,6.32,6.33,6.34,6.35,1246,1488,3592,4028,7639,6.3,6.29,6.28,6.27,6.26,59,1698,1408,1728,1953,1
2020-01-02 09:43:27,6.29,376.000,236576.000,6.3,6.31,6.32,6.33,6.34,430,1285,1489,3592,4028,6.29,6.28,6.27,6.26,6.25,1485,1421,1744,1974,2624,0
2020-01-02 09:43:30,6.3,1746.000,1098336.000,6.3,6.31,6.32,6.33,6.34,527,1680,1489,3592,4037,6.28,6.27,6.26,6.25,6.24,1433,1744,1974,2624,661,1
2020-01-02 09:43:33,6.3,1233.000,776672.000,6.31,6.32,6.33,6.34,6.35,1674,1465,3465,4115,7960,6.3,6.29,6.28,6.27,6.26,920,40,1436,1749,1974,1
2020-01-02 09:43:36,6.3,615.000,387552.000,6.31,6.32,6.33,6.34,6.35,1563,1469,3475,4115,7977,6.3,6.29,6.28,6.27,6.26,616,156,1436,1749,1968,0
2020-01-02 09:43:39,6.3,984.000,620048.000,6.31,6.32,6.33,6.34,6.35,1632,1469,3475,4115,7977,6.3,6.29,6.28,6.27,6.26,1772,156,1526,1749,1963,0
2020-01-02 09:43:43,6.3,206.000,129872.000,6.31,6.32,6.33,6.34,6.35,1503,1502,3475,4115,8037,6.3,6.29,6.28,6.27,6.26,1657,219,1526,1749,1963,0
2020-01-02 09:43:45,6.31,230.000,144976.000,6.31,6.32,6.33,6.34,6.35,1880,1517,3532,3204,7942,6.3,6.29,6.28,6.27,6.26,1542,2519,1526,1728,1963,1
2020-01-02 09:43:48,6.31,1547.000,974640.000,6.31,6.32,6.33,6.34,6.35,1891,1517,3532,3204,8087,6.3,6.29,6.28,6.27,6.26,2184,2519,1526,1728,1957,1
2020-01-02 09:43:51,6.31,1835.000,1158144.000,6.32,6.33,6.34,6.35,6.36,1519,3527,3204,8102,3861,6.31,6.3,6.29,6.28,6.27,103,2208,2675,1526,1728,1
2020-01-02 09:43:54,6.3,324.000,204288.000,6.32,6.33,6.34,6.35,6.36,1566,3525,3211,8106,3863,6.3,6.29,6.28,6.27,6.26,2046,2684,1536,1728,1941,0
2020-01-02 09:43:57,6.31,104.000,65680.000,6.32,6.33,6.34,6.35,6.36,1556,3510,3331,8146,3849,6.31,6.3,6.29,6.28,6.27,136,2061,2684,745,1728,1
2020-01-02 09:44:00,6.33,5006.000,3163184.000,6.33,6.34,6.35,6.36,6.37,2045,3322,8446,3849,3024,6.31,6.3,6.29,6.28,6.27,579,2126,2684,745,1728,1
2020-01-02 09:44:03,6.31,468.000,295520.000,6.33,6.34,6.35,6.36,6.37,2087,3353,8436,3849,3024,6.31,6.3,6.29,6.28,6.27,344,2126,2684,745,1728,0
2020-01-02 09:44:06,6.31,191.000,120576.000,6.32,6.33,6.34,6.35,6.36,14,2102,3353,8436,3819,6.31,6.3,6.29,6.28,6.27,266,2163,684,740,1723,0
2020-01-02 09:44:09,6.31,98.000,61872.000,6.32,6.33,6.34,6.35,6.36,537,2136,3553,8506,3819,6.31,6.3,6.29,6.28,6.27,281,2163,704,750,1721,0
2020-01-02 09:44:12,6.32,290.000,183280.000,6.32,6.33,6.34,6.35,6.36,406,2157,3635,8505,3819,6.31,6.3,6.29,6.28,6.27,282,2173,704,658,1741,1
2020-01-02 09:44:16,6.32,283.000,178784.000,6.32,6.33,6.34,6.35,6.36,210,2242,3625,8635,3820,6.31,6.3,6.29,6.28,6.27,215,2226,704,668,1693,1
2020-01-02 09:44:19,6.32,472.000,298208.000,6.33,6.34,6.35,6.36,6.37,2364,3618,8661,4351,3024,6.32,6.31,6.3,6.29,6.28,82,2308,2362,677,648,1
2020-01-02 09:44:22,6.32,383.000,242048.000,6.32,6.33,6.34,6.35,6.36,1263,2364,3647,8471,4351,6.31,6.3,6.29,6.28,6.27,2319,2505,677,648,1616,0
2020-01-02 09:44:25,6.32,340.000,214848.000,6.32,6.33,6.34,6.35,6.36,1113,2434,3726,8526,4351,6.31,6.3,6.29,6.28,6.27,2367,2475,819,648,1616,1
2020-01-02 09:44:27,6.32,638.000,403168.000,6.32,6.33,6.34,6.35,6.36,1007,2443,3777,8286,4351,6.31,6.3,6.29,6.28,6.27,2592,2475,819,703,1616,1
2020-01-02 09:44:30,6.32,1155.000,729568.000,6.32,6.33,6.34,6.35,6.36,295,2710,3807,8285,4351,6.31,6.3,6.29,6.28,6.27,2187,2459,819,703,1616,1
2020-01-02 09:44:33,6.32,82.000,51808.000,6.32,6.33,6.34,6.35,6.36,266,2727,3807,8285,4351,6.31,6.3,6.29,6.28,6.27,2164,2540,819,703,1609,1
2020-01-02 09:44:36,6.31,2464.000,1554880.000,6.32,6.33,6.34,6.35,6.36,697,2777,3815,8285,4361,6.31,6.3,6.29,6.28,6.27,2003,2499,819,703,1609,0
2020-01-02 09:44:39,6.32,777.000,491072.000,6.32,6.33,6.34,6.35,6.36,969,2953,3972,8297,4407,6.31,6.3,6.29,6.28,6.27,1991,2499,839,703,1609,1
2020-01-02 09:44:42,6.31,1462.000,922528.000,6.32,6.33,6.34,6.35,6.36,875,3161,3974,8309,4324,6.31,6.3,6.29,6.28,6.27,667,2499,955,805,1609,0
2020-01-02 09:44:45,6.3,708.000,446880.000,6.31,6.32,6.33,6.34,6.35,879,1198,3192,3974,8319,6.3,6.29,6.28,6.27,6.26,2527,955,805,1609,2001,0
2020-01-02 09:44:48,6.31,147.000,92736.000,6.31,6.32,6.33,6.34,6.35,881,1617,3177,3974,8239,6.3,6.29,6.28,6.27,6.26,2555,955,805,1609,2001,1
2020-01-02 09:44:51,6.31,288.000,181728.000,6.31,6.32,6.33,6.34,6.35,711,1617,3158,3997,8262,6.3,6.29,6.28,6.27,6.26,2552,655,805,1609,2001,1
2020-01-02 09:44:54,6.3,1034.000,651648.000,6.31,6.32,6.33,6.34,6.35,572,1792,3158,3883,8162,6.3,6.29,6.28,6.27,6.26,1783,655,805,1609,1988,0
2020-01-02 09:44:57,6.3,359.000,226176.000,6.31,6.32,6.33,6.34,6.35,755,1600,3161,3901,8162,6.3,6.29,6.28,6.27,6.26,1469,655,805,1609,2091,0
2020-01-02 09:45:00,6.3,877.000,552608.000,6.31,6.32,6.33,6.34,6.35,1040,2170,3011,3901,8190,6.3,6.29,6.28,6.27,6.26,701,655,771,1609,2091,0
2020-01-02 09:45:03,6.3,454.000,286112.000,6.31,6.32,6.33,6.34,6.35,1087,2199,3011,3928,8176,6.3,6.29,6.28,6.27,6.26,407,655,786,1609,2095,0
2020-01-02 09:45:06,6.3,2242.000,1413984.000,6.31,6.32,6.33,6.34,6.35,578,2201,3011,3928,8113,6.3,6.29,6.28,6.27,6.26,53,538,1506,1609,2095,0
2020-01-02 09:45:09,6.3,880.000,554368.000,6.3,6.31,6.32,6.33,6.34,5331,725,2200,3254,3928,6.29,6.28,6.27,6.26,6.25,529,1506,1599,2095,2951,0
2020-01-02 09:45:12,6.3,243.000,153088.000,6.3,6.31,6.32,6.33,6.34,5161,725,2088,3246,3928,6.29,6.28,6.27,6.26,6.25,620,1506,1599,2095,2945,1
2020-01-02 09:45:15,6.29,14.000,8800.000,6.3,6.31,6.32,6.33,6.34,5269,777,2088,3261,3928,6.29,6.28,6.27,6.26,6.25,628,2258,1549,2095,2898,0
2020-01-02 09:45:18,6.3,241.000,151840.000,6.3,6.31,6.32,6.33,6.34,5133,827,2120,3223,3888,6.29,6.28,6.27,6.26,6.25,619,2276,1549,2103,2898,1
2020-01-02 09:45:21,6.29,237.000,149056.000,6.3,6.31,6.32,6.33,6.34,5284,859,2123,3258,3888,6.29,6.28,6.27,6.26,6.25,440,2276,1533,2103,2898,0
2020-01-02 09:45:24,6.29,417.000,262304.000,6.3,6.31,6.32,6.33,6.34,5326,1099,1993,3320,3888,6.29,6.28,6.27,6.26,6.25,32,2376,1533,2099,2898,0
2020-01-02 09:45:27,6.29,625.000,392864.000,6.29,6.3,6.31,6.32,6.33,415,5388,1099,2011,3288,6.28,6.27,6.26,6.25,6.24,2366,1533,2099,2909,563,0
2020-01-02 09:45:30,6.29,176.000,110688.000,6.29,6.3,6.31,6.32,6.33,404,5418,1316,2011,3223,6.28,6.27,6.26,6.25,6.24,2421,1541,2099,2908,563,1
2020-01-02 09:45:33,6.29,646.000,406624.000,6.3,6.31,6.32,6.33,6.34,5499,1124,2033,3213,3895,6.29,6.28,6.27,6.26,6.25,129,2486,1541,2099,2928,1
2020-01-02 09:45:36,6.29,437.000,274560.000,6.29,6.3,6.31,6.32,6.33,114,5506,1144,2013,3213,6.28,6.27,6.26,6.25,6.24,2434,1541,2099,2928,563,0
2020-01-02 09:45:39,6.29,366.000,230272.000,6.29,6.3,6.31,6.32,6.33,128,5463,1144,2013,3223,6.28,6.27,6.26,6.25,6.24,2605,1521,2099,2928,563,1
2020-01-02 09:45:42,6.29,378.000,237760.000,6.29,6.3,6.31,6.32,6.33,32,5433,1287,1934,3263,6.28,6.27,6.26,6.25,6.24,2615,1521,2099,2928,563,1
2020-01-02 09:45:45,6.29,243.000,152832.000,6.3,6.31,6.32,6.33,6.34,5443,1235,2014,3411,3811,6.29,6.28,6.27,6.26,6.25,4,2464,1521,1999,2928,1
2020-01-02 09:45:48,6.29,201.000,126112.000,6.3,6.31,6.32,6.33,6.34,5665,1335,1994,3519,3811,6.29,6.28,6.27,6.26,6.25,519,2364,1522,1999,2928,0
2020-01-02 09:45:51,6.29,352.000,221536.000,6.3,6.31,6.32,6.33,6.34,5557,1335,2046,3519,3811,6.29,6.28,6.27,6.26,6.25,334,2386,1502,1999,2910,0
2020-01-02 09:45:54,6.29,609.000,383104.000,6.3,6.31,6.32,6.33,6.34,5557,1390,2247,3541,3811,6.29,6.28,6.27,6.26,6.25,69,2386,1482,1999,2910,0
2020-01-02 09:45:57,6.29,122.000,76960.000,6.29,6.3,6.31,6.32,6.33,826,5557,1390,2147,3541,6.28,6.27,6.26,6.25,6.24,2452,1456,1999,2910,603,0
2020-01-02 09:46:00,6.28,1758.000,1105536.000,6.29,6.3,6.31,6.32,6.33,9,5557,1340,2147,3512,6.28,6.27,6.26,6.25,6.24,2246,1486,1999,2910,603,0
2020-01-02 09:46:03,6.28,1049.000,658656.000,6.29,6.3,6.31,6.32,6.33,37,5562,1340,2147,3484,6.28,6.27,6.26,6.25,6.24,1320,1486,1999,2910,407,0
2020-01-02 09:46:06,6.29,159.000,99904.000,6.29,6.3,6.31,6.32,6.33,266,5521,1340,2126,3472,6.28,6.27,6.26,6.25,6.24,1232,1486,2009,2910,407,1
2020-01-02 09:46:09,6.28,324.000,203680.000,6.29,6.3,6.31,6.32,6.33,297,5455,1350,2180,3472,6.28,6.27,6.26,6.25,6.24,1161,1486,2009,2910,407,0
2020-01-02 09:46:12,6.28,435.000,273536.000,6.29,6.3,6.31,6.32,6.33,232,5455,1346,2180,3918,6.28,6.27,6.26,6.25,6.24,1093,1486,2009,2940,407,0
2020-01-02 09:46:15,6.29,1019.000,640512.000,6.29,6.3,6.31,6.32,6.33,79,5530,1346,1975,4156,6.28,6.27,6.26,6.25,6.24,690,1486,2009,2940,407,1
2020-01-02 09:46:18,6.28,373.000,234272.000,6.29,6.3,6.31,6.32,6.33,443,5788,1346,1975,4158,6.28,6.27,6.26,6.25,6.24,398,1486,2009,2940,407,0
2020-01-02 09:46:21,6.28,171.000,107392.000,6.29,6.3,6.31,6.32,6.33,520,5823,1356,1975,4158,6.28,6.27,6.26,6.25,6.24,611,1486,2009,2940,417,0
2020-01-02 09:46:24,6.29,919.000,577312.000,6.29,6.3,6.31,6.32,6.33,507,5808,1356,2035,4117,6.27,6.26,6.25,6.24,6.23,1496,2009,2943,412,413,1
2020-01-02 09:46:27,6.29,275.000,172928.000,6.29,6.3,6.31,6.32,6.33,458,5731,852,2035,4217,6.28,6.27,6.26,6.25,6.24,543,1689,1996,2943,412,1
2020-01-02 09:46:30,6.29,263.000,165184.000,6.29,6.3,6.31,6.32,6.33,670,5733,852,2045,4246,6.28,6.27,6.26,6.25,6.24,320,1689,1996,2943,412,1
2020-01-02 09:46:33,6.28,404.000,253760.000,6.29,6.3,6.31,6.32,6.33,757,5753,852,2050,4261,6.28,6.27,6.26,6.25,6.24,112,1810,1996,2943,412,0
2020-01-02 09:46:36,6.28,125.000,78528.000,6.29,6.3,6.31,6.32,6.33,973,5753,857,2059,4266,6.28,6.27,6.26,6.25,6.24,543,1684,1996,2979,412,0
2020-01-02 09:46:39,6.28,413.000,259584.000,6.29,6.3,6.31,6.32,6.33,1062,5851,1007,2131,4284,6.28,6.27,6.26,6.25,6.24,668,1684,1996,2979,412,0
2020-01-02 09:46:42,6.28,239.000,150208.000,6.29,6.3,6.31,6.32,6.33,1036,5862,1007,2131,4284,6.28,6.27,6.26,6.25,6.24,545,1670,1966,2979,412,0
2020-01-02 09:46:45,6.28,165.000,103648.000,6.29,6.3,6.31,6.32,6.33,2111,5862,1007,2131,4399,6.28,6.27,6.26,6.25,6.24,428,1675,1966,2979,412,0
2020-01-02 09:46:48,6.28,624.000,391968.000,6.29,6.3,6.31,6.32,6.33,1940,5895,1017,2155,4399,6.28,6.27,6.26,6.25,6.24,1341,1749,1966,2979,412,0
2020-01-02 09:46:51,6.29,421.000,264640.000,6.29,6.3,6.31,6.32,6.33,1687,5888,1010,2177,4399,6.28,6.27,6.26,6.25,6.24,1188,1799,1966,2963,412,1
2020-01-02 09:46:54,6.28,361.000,226816.000,6.29,6.3,6.31,6.32,6.33,1601,5888,1010,2177,4399,6.28,6.27,6.26,6.25,6.24,962,1799,1966,2963,412,0
2020-01-02 09:46:57,6.28,2133.000,1339904.000,6.28,6.29,6.3,6.31,6.32,7,1227,5889,1010,2132,6.27,6.26,6.25,6.24,6.23,1808,1966,2963,452,468,0
2020-01-02 09:47:00,6.28,74.000,46496.000,6.29,6.3,6.31,6.32,6.33,1249,5791,972,2138,4399,6.28,6.27,6.26,6.25,6.24,378,1808,1966,2963,452,1
2020-01-02 09:47:03,6.29,620.000,390080.000,6.29,6.3,6.31,6.32,6.33,910,5867,972,2138,4399,6.28,6.27,6.26,6.25,6.24,281,1798,1986,2909,452,1
2020-01-02 09:47:06,6.28,306.000,192224.000,6.29,6.3,6.31,6.32,6.33,1329,5867,972,2138,4399,6.28,6.27,6.26,6.25,6.24,208,1798,1986,2909,452,0
2020-01-02 09:47:09,6.28,222.000,139616.000,6.29,6.3,6.31,6.32,6.33,1200,5852,972,2138,4399,6.28,6.27,6.26,6.25,6.24,522,1848,1976,2909,452,0
2020-01-02 09:47:12,6.28,41.000,25792.000,6.29,6.3,6.31,6.32,6.33,1356,5852,972,2138,4399,6.28,6.27,6.26,6.25,6.24,799,1848,1976,2909,452,0
2020-01-02 09:47:15,6.28,78.000,48992.000,6.29,6.3,6.31,6.32,6.33,1862,5833,972,2138,4394,6.28,6.27,6.26,6.25,6.24,821,1878,1976,2909,452,0
2020-01-02 09:47:18,6.28,120.000,75360.000,6.29,6.3,6.31,6.32,6.33,1881,5863,972,2138,4394,6.28,6.27,6.26,6.25,6.24,1225,1878,1976,2909,452,0
2020-01-02 09:47:21,6.29,993.000,624416.000,6.29,6.3,6.31,6.32,6.33,1146,5878,972,2153,4414,6.28,6.27,6.26,6.25,6.24,1046,1878,1981,2909,452,1
2020-01-02 09:47:24,6.29,1419.000,892288.000,6.3,6.31,6.32,6.33,6.34,5930,973,2153,4457,3899,6.29,6.28,6.27,6.26,6.25,228,1052,1870,1991,2909,1
2020-01-02 09:47:27,6.29,174.000,109440.000,6.3,6.31,6.32,6.33,6.34,5925,823,2147,4462,3893,6.29,6.28,6.27,6.26,6.25,936,2403,1870,2051,2909,0
2020-01-02 09:47:30,6.29,1410.000,887232.000,6.3,6.31,6.32,6.33,6.34,5579,823,2157,4462,3918,6.29,6.28,6.27,6.26,6.25,162,2409,1921,2061,2731,0
2020-01-02 09:47:33,6.29,336.000,211520.000,6.3,6.31,6.32,6.33,6.34,5395,843,2171,4424,3918,6.29,6.28,6.27,6.26,6.25,652,2408,1921,2061,2731,0
2020-01-02 09:47:36,6.29,59.000,37184.000,6.3,6.31,6.32,6.33,6.34,1474,843,2171,4424,3972,6.29,6.28,6.27,6.26,6.25,693,2408,1921,2061,2731,0
2020-01-02 09:47:39,6.29,188.000,118400.000,6.3,6.31,6.32,6.33,6.34,1336,843,2249,4424,3972,6.29,6.28,6.27,6.26,6.25,815,2408,1902,2061,2731,0
2020-01-02 09:47:42,6.29,357.000,224608.000,6.3,6.31,6.32,6.33,6.34,1251,824,2219,4424,3972,6.29,6.28,6.27,6.26,6.25,571,2408,1828,2061,2731,0
2020-01-02 09:47:45,6.29,557.000,350400.000,6.3,6.31,6.32,6.33,6.34,1062,877,2219,4511,3923,6.29,6.28,6.27,6.26,6.25,95,2408,1828,2061,2711,0
2020-01-02 09:47:48,6.29,439.000,276480.000,6.3,6.31,6.32,6.33,6.34,1054,877,2219,4511,3898,6.29,6.28,6.27,6.26,6.25,32,2418,1828,2061,2711,0
2020-01-02 09:47:51,6.3,102.000,64224.000,6.3,6.31,6.32,6.33,6.34,1021,877,2227,4511,3898,6.29,6.28,6.27,6.26,6.25,28,2423,1828,2061,2711,1
2020-01-02 09:47:54,6.29,375.000,235904.000,6.3,6.31,6.32,6.33,6.34,902,877,2246,4529,3898,6.29,6.28,6.27,6.26,6.25,41,2370,1828,2061,2711,0
2020-01-02 09:47:57,6.29,94.000,59136.000,6.3,6.31,6.32,6.33,6.34,936,886,2246,4529,3898,6.29,6.28,6.27,6.26,6.25,102,2374,2015,2061,2711,0
2020-01-02 09:48:00,6.3,315.000,198400.000,6.3,6.31,6.32,6.33,6.34,809,906,2246,4529,3898,6.29,6.28,6.27,6.26,6.25,41,2404,2020,2061,2711,1
2020-01-02 09:48:03,6.29,63.000,39616.000,6.3,6.31,6.32,6.33,6.34,886,906,2246,4530,3898,6.29,6.28,6.27,6.26,6.25,38,2454,2020,2045,2711,0
2020-01-02 09:48:06,6.3,596.000,375488.000,6.3,6.31,6.32,6.33,6.34,339,906,2246,4340,3736,6.29,6.28,6.27,6.26,6.25,63,2457,2007,1800,2711,1
2020-01-02 09:48:09,6.3,109.000,68672.000,6.3,6.31,6.32,6.33,6.34,1234,906,2246,4340,3736,6.29,6.28,6.27,6.26,6.25,840,2479,2007,1800,2711,1
2020-01-02 09:48:12,6.3,281.000,176864.000,6.3,6.31,6.32,6.33,6.34,1193,945,2246,4332,3756,6.29,6.28,6.27,6.26,6.25,789,2479,2012,1800,2711,1
2020-01-02 09:48:15,6.3,597.000,376096.000,6.3,6.31,6.32,6.33,6.34,836,945,2246,4367,3756,6.29,6.28,6.27,6.26,6.25,750,2489,2012,1800,2733,1
2020-01-02 09:48:18,6.29,803.000,505472.000,6.3,6.31,6.32,6.33,6.34,446,970,2246,4349,3756,6.29,6.28,6.27,6.26,6.25,473,2549,2012,1800,2733,0
2020-01-02 09:48:21,6.3,619.000,389600.000,6.31,6.32,6.33,6.34,6.35,975,2246,4349,3736,8705,6.3,6.29,6.28,6.27,6.26,150,537,2578,2012,1800,1
2020-01-02 09:48:24,6.3,244.000,154080.000,6.3,6.31,6.32,6.33,6.34,447,1793,2278,4349,3736,6.29,6.28,6.27,6.26,6.25,520,2583,2012,1800,2733,0
2020-01-02 09:48:27,6.3,134.000,84416.000,6.3,6.31,6.32,6.33,6.34,318,1813,2278,4349,3831,6.29,6.28,6.27,6.26,6.25,521,2583,2012,1800,2733,1
2020-01-02 09:48:33,6.3,35.000,22048.000,6.3,6.31,6.32,6.33,6.34,1300,1813,2308,4420,3832,6.29,6.28,6.27,6.26,6.25,532,2583,2012,1800,2733,1
2020-01-02 09:48:36,6.3,218.000,136768.000,6.3,6.31,6.32,6.33,6.34,1245,1769,2308,4430,3832,6.29,6.28,6.27,6.26,6.25,514,2607,1941,1800,2733,1
2020-01-02 09:48:39,6.29,38.000,23936.000,6.3,6.31,6.32,6.33,6.34,1292,1769,2308,4440,3832,6.29,6.28,6.27,6.26,6.25,607,2673,1941,1800,2733,0
2020-01-02 09:48:42,6.29,300.000,188736.000,6.3,6.31,6.32,6.33,6.34,1295,1740,2308,4440,3932,6.29,6.28,6.27,6.26,6.25,390,2677,1941,1800,2733,0
2020-01-02 09:48:45,6.29,116.000,72992.000,6.3,6.31,6.32,6.33,6.34,1317,1720,2308,4420,3937,6.29,6.28,6.27,6.26,6.25,350,2792,1941,1800,2720,0
2020-01-02 09:48:48,6.29,92.000,57856.000,6.3,6.31,6.32,6.33,6.34,1900,1720,2308,4425,3937,6.29,6.28,6.27,6.26,6.25,1316,2903,1941,1816,2720,0
2020-01-02 09:48:54,6.29,139.000,87520.000,6.3,6.31,6.32,6.33,6.34,1995,1803,2318,4508,3922,6.29,6.28,6.27,6.26,6.25,1749,2926,1774,1816,2720,0
2020-01-02 09:48:57,6.29,15.000,9408.000,6.3,6.31,6.32,6.33,6.34,2080,2603,2319,4508,3922,6.29,6.28,6.27,6.26,6.25,1744,2926,1779,1816,2720,0
2020-01-02 09:49:00,6.3,400.000,251840.000,6.3,6.31,6.32,6.33,6.34,2040,2603,2319,4508,3922,6.29,6.28,6.27,6.26,6.25,1816,2973,1779,1816,2720,1
2020-01-02 09:49:03,6.3,2214.000,1394944.000,6.31,6.32,6.33,6.34,6.35,2601,2329,4517,3922,8679,6.3,6.29,6.28,6.27,6.26,1800,1806,2973,1779,1816,1
2020-01-02 09:49:06,6.3,3890.000,2449120.000,6.31,6.32,6.33,6.34,6.35,2506,2362,4422,3922,8679,6.3,6.29,6.28,6.27,6.26,1832,134,2919,1779,1811,0
2020-01-02 09:49:09,6.31,361.000,227424.000,6.31,6.32,6.33,6.34,6.35,2504,2392,4467,3932,8682,6.3,6.29,6.28,6.27,6.26,1474,134,2418,1779,1811,1
2020-01-02 09:49:12,6.31,925.000,583104.000,6.31,6.32,6.33,6.34,6.35,2189,2342,4467,3932,8682,6.3,6.29,6.28,6.27,6.26,923,2154,2418,1779,1811,1
2020-01-02 09:49:15,6.31,107.000,67488.000,6.31,6.32,6.33,6.34,6.35,2312,2350,4467,3974,8698,6.3,6.29,6.28,6.27,6.26,1274,2154,2428,1779,1811,1
2020-01-02 09:49:18,6.3,18.000,11360.000,6.31,6.32,6.33,6.34,6.35,2308,2350,4462,3974,8493,6.3,6.29,6.28,6.27,6.26,1783,2166,2428,1779,1816,0
2020-01-02 09:49:21,6.31,276.000,174048.000,6.31,6.32,6.33,6.34,6.35,2160,2358,4497,3974,8493,6.3,6.29,6.28,6.27,6.26,3176,2176,2428,1769,1816,1
2020-01-02 09:49:24,6.31,148.000,93312.000,6.31,6.32,6.33,6.34,6.35,2070,2358,4485,3974,8476,6.3,6.29,6.28,6.27,6.26,3180,2176,2434,1739,1816,1
2020-01-02 09:49:27,6.3,475.000,299712.000,6.31,6.32,6.33,6.34,6.35,1617,2464,4470,3994,8476,6.3,6.29,6.28,6.27,6.26,3175,2181,2434,1739,1816,0
2020-01-02 09:49:30,6.31,539.000,340096.000,6.31,6.32,6.33,6.34,6.35,1089,2464,4495,3994,8476,6.3,6.29,6.28,6.27,6.26,3164,2181,2434,1739,1824,1
2020-01-02 09:49:33,6.31,690.000,435360.000,6.31,6.32,6.33,6.34,6.35,2030,2464,4440,3994,8477,6.3,6.29,6.28,6.27,6.26,3179,2201,2323,1739,1824,1
2020-01-02 09:49:36,6.31,2352.000,1484128.000,6.32,6.33,6.34,6.35,6.36,2488,4469,3994,8468,3325,6.31,6.3,6.29,6.28,6.27,3231,3462,2202,2371,1739,1
2020-01-02 09:49:39,6.32,192.000,121312.000,6.32,6.33,6.34,6.35,6.36,2342,4474,3944,8456,3325,6.31,6.3,6.29,6.28,6.27,3934,3462,2202,2371,1739,1
2020-01-02 09:49:42,6.33,2403.000,1518720.000,6.33,6.34,6.35,6.36,6.37,4451,3944,8478,3315,3075,6.32,6.31,6.3,6.29,6.28,3218,4284,3237,202,2373,1
2020-01-02 09:49:45,6.33,438.000,277152.000,6.33,6.34,6.35,6.36,6.37,4071,3944,8500,3315,3075,6.32,6.31,6.3,6.29,6.28,3227,4359,3237,202,2373,1
2020-01-02 09:49:48,6.32,1164.000,736800.000,6.33,6.34,6.35,6.36,6.37,2708,3941,8500,3315,3075,6.32,6.31,6.3,6.29,6.28,3250,4363,3348,202,2373,0
2020-01-02 09:49:51,6.34,2799.000,1771776.000,6.34,6.35,6.36,6.37,6.38,3870,8169,3315,3078,1216,6.33,6.32,6.31,6.3,6.29,1207,2360,4013,3349,202,1
2020-01-02 09:49:54,6.34,764.000,484384.000,6.34,6.35,6.36,6.37,6.38,3091,8162,3311,3078,1216,6.33,6.32,6.31,6.3,6.29,3953,2364,4013,3349,212,1
2020-01-02 09:49:57,6.34,877.000,555904.000,6.34,6.35,6.36,6.37,6.38,2131,7991,3311,3078,1224,6.33,6.32,6.31,6.3,6.29,3971,2089,4013,3347,190,1
2020-01-02 09:50:00,6.35,4279.000,2714784.000,6.35,6.36,6.37,6.38,6.39,6032,3311,3078,1224,3221,6.34,6.33,6.32,6.31,6.3,531,3669,1951,1239,2881,1
2020-01-02 09:50:03,6.35,261.000,165632.000,6.35,6.36,6.37,6.38,6.39,5842,3311,3078,1163,3221,6.34,6.33,6.32,6.31,6.3,606,2823,1951,1071,2878,1
2020-01-02 09:50:06,6.35,6296.000,3998656.000,6.36,6.37,6.38,6.39,6.4,2806,3078,1163,3221,7833,6.35,6.34,6.33,6.32,6.31,5393,699,2808,1846,1061,1
2020-01-02 09:50:10,6.36,2566.000,1631968.000,6.36,6.37,6.38,6.39,6.4,287,3071,1163,3221,7833,6.35,6.34,6.33,6.32,6.31,5850,764,2798,1845,1061,1
2020-01-02 09:50:12,6.36,370.000,234976.000,6.37,6.38,6.39,6.4,6.41,3071,1163,3221,7833,386,6.36,6.35,6.34,6.33,6.32,1008,6238,694,2798,1841,1
2020-01-02 09:50:15,6.36,2197.000,1399456.000,6.37,6.38,6.39,6.4,6.41,919,1143,3921,7830,386,6.36,6.35,6.34,6.33,6.32,1483,6402,634,2569,1867,0
2020-01-02 09:50:18,6.38,1631.000,1039552.000,6.38,6.39,6.4,6.41,6.42,554,3883,7493,386,2795,6.37,6.36,6.35,6.34,6.33,4219,1780,5621,418,2558,1
2020-01-02 09:50:22,6.39,3183.000,2029344.000,6.39,6.4,6.41,6.42,6.43,3778,7256,386,2845,1051,6.38,6.37,6.36,6.35,6.34,177,3649,1685,5463,255,1
2020-01-02 09:50:24,6.4,5418.000,3463520.000,6.4,6.41,6.42,6.43,6.44,5809,386,2867,1051,2770,6.39,6.38,6.37,6.36,6.35,39,982,3548,1580,4803,1
2020-01-02 09:50:27,6.4,3551.000,2272288.000,6.4,6.41,6.42,6.43,6.44,2509,891,2867,1029,2770,6.39,6.38,6.37,6.36,6.35,817,1601,3438,1278,4776,1
2020-01-02 09:50:30,6.41,2847.000,1821984.000,6.41,6.42,6.43,6.44,6.45,837,2537,1929,2770,3895,6.4,6.39,6.38,6.37,6.36,447,1423,1603,3345,1021,1
2020-01-02 09:50:33,6.41,690.000,442176.000,6.41,6.42,6.43,6.44,6.45,277,2487,1929,2770,3894,6.4,6.39,6.38,6.37,6.36,1595,1854,1598,3345,817,1
2020-01-02 09:50:36,6.41,1929.000,1237344.000,6.41,6.42,6.43,6.44,6.45,167,1567,1904,2767,3894,6.4,6.39,6.38,6.37,6.36,1699,1841,1315,3345,812,1
2020-01-02 09:50:39,6.41,2420.000,1551840.000,6.42,6.43,6.44,6.45,6.46,807,1994,2766,3919,1359,6.41,6.4,6.39,6.38,6.37,152,1764,1073,1330,3325,1
2020-01-02 09:50:42,6.41,2247.000,1442016.000,6.42,6.43,6.44,6.45,6.46,1924,1831,2866,3883,1246,6.41,6.4,6.39,6.38,6.37,408,2040,1073,1116,1299,0
2020-01-02 09:50:45,6.41,2826.000,1813216.000,6.41,6.42,6.43,6.44,6.45,3999,1546,2026,2916,3883,6.4,6.39,6.38,6.37,6.36,2066,1086,1128,1318,753,0
2020-01-02 09:50:48,6.41,3862.000,2474944.000,6.41,6.42,6.43,6.44,6.45,1536,3508,2076,2981,3840,6.4,6.39,6.38,6.37,6.36,779,1086,1009,1318,750,1
2020-01-02 09:50:52,6.4,2776.000,1775968.000,6.4,6.41,6.42,6.43,6.44,3553,2016,4066,2084,2981,6.38,6.37,6.36,6.35,6.34,883,1318,741,396,202,0
2020-01-02 09:50:54,6.4,2110.000,1348992.000,6.4,6.41,6.42,6.43,6.44,3214,3573,4183,2139,3011,6.38,6.37,6.36,6.35,6.34,589,1318,690,421,202,1
2020-01-02 09:50:57,6.4,1701.000,1088224.000,6.4,6.41,6.42,6.43,6.44,1884,3559,3704,2139,3001,6.38,6.37,6.36,6.35,6.34,729,1318,701,421,202,1
2020-01-02 09:51:00,6.38,1215.000,775680.000,6.38,6.39,6.4,6.41,6.42,3149,932,1953,3378,4358,6.37,6.36,6.35,6.34,6.33,1318,683,352,252,332,0
2020-01-02 09:51:03,6.37,1266.000,807680.000,6.38,6.39,6.4,6.41,6.42,2616,1708,3145,3406,4363,6.37,6.36,6.35,6.34,6.33,1308,683,345,252,332,0
2020-01-02 09:51:06,6.38,1073.000,684352.000,6.38,6.39,6.4,6.41,6.42,1793,1856,3416,3341,4313,6.37,6.36,6.35,6.34,6.33,1087,713,331,252,373,1
2020-01-02 09:51:09,6.37,931.000,593440.000,6.38,6.39,6.4,6.41,6.42,1454,1902,3491,3356,4316,6.37,6.36,6.35,6.34,6.33,539,716,331,252,373,0
2020-01-02 09:51:12,6.37,2058.000,1312864.000,6.39,6.4,6.41,6.42,6.43,1909,3425,3338,4426,2163,6.37,6.36,6.35,6.34,6.33,952,709,311,242,323,0
2020-01-02 09:51:15,6.37,1348.000,858784.000,6.38,6.39,6.4,6.41,6.42,12,1867,3572,3325,3697,6.37,6.36,6.35,6.34,6.33,1437,669,336,232,323,0
2020-01-02 09:51:18,6.38,728.000,463936.000,6.39,6.4,6.41,6.42,6.43,1857,3641,3357,3696,2258,6.38,6.37,6.36,6.35,6.34,19,1495,669,371,256,1
2020-01-02 09:51:21,6.38,536.000,342400.000,6.39,6.4,6.41,6.42,6.43,1740,3561,3287,3697,2305,6.38,6.37,6.36,6.35,6.34,1103,1675,679,371,256,0
2020-01-02 09:51:24,6.39,1980.000,1265152.000,6.4,6.41,6.42,6.43,6.44,3655,3303,3697,2315,4280,6.39,6.38,6.37,6.36,6.35,3,1477,1712,679,361,1
2020-01-02 09:51:27,6.38,844.000,539584.000,6.4,6.41,6.42,6.43,6.44,3203,3336,3667,2332,4287,6.39,6.38,6.37,6.36,6.35,6,649,1658,709,208,0
2020-01-02 09:51:30,6.4,655.000,418944.000,6.4,6.41,6.42,6.43,6.44,2841,3358,3645,2332,4367,6.39,6.38,6.37,6.36,6.35,343,709,1673,724,228,1
2020-01-02 09:51:33,6.39,408.000,260896.000,6.4,6.41,6.42,6.43,6.44,2873,3363,3571,2342,4367,6.39,6.38,6.37,6.36,6.35,2673,913,1673,719,232,0
2020-01-02 09:51:36,6.4,3110.000,1990496.000,6.41,6.42,6.43,6.44,6.45,3363,3571,2342,4363,4685,6.4,6.39,6.38,6.37,6.36,1907,1168,998,1123,719,1
2020-01-02 09:51:39,6.4,1490.000,954144.000,6.41,6.42,6.43,6.44,6.45,2457,3571,2342,4363,4685,6.4,6.39,6.38,6.37,6.36,1691,967,1002,1129,734,0
2020-01-02 09:51:42,6.41,2837.000,1817760.000,6.41,6.42,6.43,6.44,6.45,371,3569,2342,4363,4740,6.4,6.39,6.38,6.37,6.36,2117,967,741,1166,726,1
2020-01-02 09:51:45,6.41,781.000,501184.000,6.42,6.43,6.44,6.45,6.46,3469,2342,4579,4765,1249,6.41,6.4,6.39,6.38,6.37,1054,2151,967,737,1166,1
2020-01-02 09:51:48,6.42,3833.000,2460096.000,6.42,6.43,6.44,6.45,6.46,317,2353,4631,4776,1249,6.41,6.4,6.39,6.38,6.37,852,2301,967,719,1266,1
2020-01-02 09:51:51,6.42,1435.000,920768.000,6.43,6.44,6.45,6.46,6.47,2353,4691,4796,1243,3489,6.42,6.41,6.4,6.39,6.38,312,272,2293,974,716,1
2020-01-02 09:51:54,6.42,1300.000,835104.000,6.42,6.43,6.44,6.45,6.46,62,2163,4691,4844,1365,6.41,6.4,6.39,6.38,6.37,303,2312,910,682,1266,0
2020-01-02 09:51:57,6.42,1526.000,980032.000,6.42,6.43,6.44,6.45,6.46,681,1661,4708,5031,1385,6.41,6.4,6.39,6.38,6.37,304,2312,790,753,364,1
2020-01-02 09:52:00,6.42,901.000,578144.000,6.42,6.43,6.44,6.45,6.46,2582,1788,4723,5022,1385,6.41,6.4,6.39,6.38,6.37,450,2077,790,789,364,1
2020-01-02 09:52:03,6.41,2491.000,1597152.000,6.41,6.42,6.43,6.44,6.45,1910,2005,1816,4623,5014,6.4,6.39,6.38,6.37,6.36,2156,790,595,364,1004,0
2020-01-02 09:52:06,6.41,2203.000,1410944.000,6.41,6.42,6.43,6.44,6.45,677,2242,2376,4598,5049,6.4,6.39,6.38,6.37,6.36,2965,790,601,364,988,1
2020-01-02 09:52:09,6.41,5431.000,3478144.000,6.42,6.43,6.44,6.45,6.46,2368,2439,4598,4866,1316,6.41,6.39,6.38,6.37,6.36,257,752,599,361,988,1
2020-01-02 09:52:12,6.4,618.000,395872.000,6.4,6.41,6.42,6.43,6.44,118,931,2438,2480,4615,6.39,6.38,6.37,6.36,6.35,752,659,374,988,349,0
2020-01-02 09:52:15,6.4,1037.000,664224.000,6.4,6.41,6.42,6.43,6.44,5,1086,3092,2525,4615,6.39,6.38,6.37,6.36,6.35,763,659,374,994,349,1
2020-01-02 09:52:18,6.4,182.000,116544.000,6.4,6.41,6.42,6.43,6.44,1528,1999,3283,2492,4619,6.39,6.38,6.37,6.36,6.35,621,659,374,999,349,1
2020-01-02 09:52:21,6.4,2892.000,1850272.000,6.41,6.42,6.43,6.44,6.45,1919,3106,2576,4403,5239,6.4,6.39,6.38,6.37,6.36,936,3,657,351,999,1
2020-01-02 09:52:24,6.4,1210.000,774400.000,6.41,6.42,6.43,6.44,6.45,2846,3111,2577,4403,5439,6.4,6.39,6.38,6.37,6.36,699,129,674,351,1049,0
2020-01-02 09:52:27,6.39,1480.000,946944.000,6.39,6.4,6.41,6.42,6.43,506,829,3141,3137,2597,6.38,6.37,6.36,6.35,6.34,677,351,1049,405,286,0
2020-01-02 09:52:30,6.4,1090.000,697056.000,6.39,6.4,6.41,6.42,6.43,350,1655,2945,3177,2637,6.38,6.37,6.36,6.35,6.34,783,441,1049,405,286,1
2020-01-02 09:52:33,6.39,600.000,383328.000,6.39,6.4,6.41,6.42,6.43,355,2177,3065,3172,2638,6.38,6.37,6.36,6.35,6.34,754,568,1049,405,286,0
2020-01-02 09:52:36,6.4,1055.000,674368.000,6.4,6.41,6.42,6.43,6.44,2192,3052,3173,2652,4403,6.39,6.38,6.37,6.36,6.35,35,821,568,1049,405,1
2020-01-02 09:52:39,6.38,1328.000,847424.000,6.38,6.39,6.4,6.41,6.42,725,31,2526,3126,3214,6.37,6.36,6.35,6.34,6.33,769,1049,410,783,417,0
2020-01-02 09:52:42,6.38,251.000,160160.000,6.38,6.39,6.4,6.41,6.42,545,460,2394,3064,3215,6.37,6.36,6.35,6.34,6.33,779,1049,534,783,417,1
2020-01-02 09:52:46,6.38,858.000,547456.000,6.38,6.39,6.4,6.41,6.42,75,477,2581,2864,3179,6.37,6.36,6.35,6.34,6.33,1045,1059,536,783,417,1
2020-01-02 09:52:48,6.38,350.000,223488.000,6.39,6.4,6.41,6.42,6.43,514,2395,2868,3198,2682,6.38,6.37,6.36,6.35,6.34,68,1161,1059,539,783,1
2020-01-02 09:52:51,6.39,1084.000,691296.000,6.39,6.4,6.41,6.42,6.43,542,2461,2841,3215,2687,6.37,6.36,6.35,6.34,6.33,884,1059,608,783,437,1
2020-01-02 09:52:54,6.38,964.000,614624.000,6.38,6.39,6.4,6.41,6.42,1730,586,2479,2736,3240,6.37,6.36,6.35,6.34,6.33,510,1059,608,783,437,0
2020-01-02 09:52:57,6.38,776.000,494752.000,6.38,6.39,6.4,6.41,6.42,1312,796,2480,2736,3210,6.37,6.36,6.35,6.34,6.33,265,1050,626,783,437,1
2020-01-02 09:53:00,6.38,570.000,363648.000,6.38,6.39,6.4,6.41,6.42,773,831,3506,2741,3211,6.37,6.36,6.35,6.34,6.33,893,1047,626,783,541,1
2020-01-02 09:53:03,6.39,969.000,618272.000,6.39,6.4,6.41,6.42,6.43,828,3585,2731,3206,2658,6.38,6.37,6.36,6.35,6.34,391,1354,1324,626,783,1
2020-01-02 09:53:07,6.38,9.000,5760.000,6.39,6.4,6.41,6.42,6.43,837,3609,2743,3421,2658,6.38,6.37,6.36,6.35,6.34,838,1434,1338,675,883,0
2020-01-02 09:53:09,6.39,208.000,132864.000,6.39,6.4,6.41,6.42,6.43,677,3579,2751,3536,2648,6.38,6.37,6.36,6.35,6.34,1334,1506,1340,677,904,1
2020-01-02 09:53:12,6.39,813.000,519520.000,6.4,6.41,6.42,6.43,6.44,3542,2751,3566,2770,4464,6.39,6.38,6.37,6.36,6.35,498,2079,1555,1340,677,1
2020-01-02 09:53:15,6.39,537.000,343200.000,6.4,6.41,6.42,6.43,6.44,3631,2711,3529,2785,4464,6.39,6.38,6.37,6.36,6.35,467,1812,1561,1347,677,0
2020-01-02 09:53:18,6.39,928.000,593792.000,6.4,6.41,6.42,6.43,6.44,2826,2711,3489,2810,4464,6.39,6.38,6.37,6.36,6.35,2739,1838,1565,1347,674,0
2020-01-02 09:53:21,6.41,3781.000,2420544.000,6.41,6.42,6.43,6.44,6.45,1951,3479,2820,4464,4927,6.4,6.39,6.38,6.37,6.36,743,2910,1838,1005,1347,1
2020-01-02 09:53:24,6.4,1355.000,866848.000,6.4,6.41,6.42,6.43,6.44,108,1878,3404,2820,4464,6.39,6.38,6.37,6.36,6.35,2622,1874,1005,1347,698,0
2020-01-02 09:53:27,6.41,589.000,377376.000,6.41,6.42,6.43,6.44,6.45,1355,3446,2977,4464,4932,6.4,6.39,6.38,6.37,6.36,2059,2707,1539,1025,1347,1
2020-01-02 09:53:30,6.42,3027.000,1939136.000,6.42,6.43,6.44,6.45,6.46,3103,2992,4464,4952,2027,6.4,6.39,6.38,6.37,6.36,1239,2639,1539,988,1347,1
2020-01-02 09:53:33,6.41,612.000,392608.000,6.42,6.43,6.44,6.45,6.46,2753,3011,4464,4947,2027,6.41,6.4,6.39,6.38,6.37,424,2200,2623,1668,984,0
2020-01-02 09:53:36,6.42,807.000,517568.000,6.42,6.43,6.44,6.45,6.46,2013,3011,4464,4633,2027,6.41,6.4,6.39,6.38,6.37,648,2196,2583,1692,984,1
2020-01-02 09:53:39,6.42,749.000,480800.000,6.42,6.43,6.44,6.45,6.46,1293,3011,4495,4634,2033,6.41,6.4,6.39,6.38,6.37,1185,2209,516,1693,984,1
2020-01-02 09:53:42,6.42,1826.000,1172384.000,6.42,6.43,6.44,6.45,6.46,898,2782,4495,4735,2083,6.41,6.4,6.39,6.38,6.37,1188,1289,516,1602,979,1
2020-01-02 09:53:45,6.43,3441.000,2208800.000,6.43,6.44,6.45,6.46,6.47,2399,4454,4768,2083,3107,6.42,6.41,6.4,6.39,6.38,576,618,1210,501,1614,1
2020-01-02 09:53:48,6.42,581.000,373344.000,6.43,6.44,6.45,6.46,6.47,2049,4454,4774,2083,3107,6.42,6.41,6.4,6.39,6.38,1173,672,1211,494,1534,0
2020-01-02 09:53:51,6.43,1664.000,1069024.000,6.43,6.44,6.45,6.46,6.47,1698,4469,4755,2083,3107,6.42,6.41,6.4,6.39,6.38,677,1096,1711,494,1536,1
2020-01-02 09:53:54,6.42,8792.000,5662176.000,6.44,6.45,6.46,6.47,6.48,799,2552,2083,3107,3210,6.43,6.42,6.41,6.4,6.39,662,570,985,1711,431,0
2020-01-02 09:53:57,6.44,1612.000,1037536.000,6.45,6.46,6.47,6.48,6.49,2553,2088,3207,3210,3680,6.44,6.43,6.42,6.41,6.4,43,455,650,989,1707,1
2020-01-02 09:54:00,6.44,1072.000,690912.000,6.45,6.46,6.47,6.48,6.49,1900,2088,3207,3210,3680,6.44,6.43,6.42,6.41,6.4,194,1950,670,947,1702,0
2020-01-02 09:54:03,6.44,610.000,393056.000,6.45,6.46,6.47,6.48,6.49,1695,2088,3207,4008,3755,6.44,6.43,6.42,6.41,6.4,140,2340,666,723,1699,0
2020-01-02 09:54:06,6.45,2140.000,1379424.000,6.45,6.46,6.47,6.48,6.49,1195,1998,3212,4008,3789,6.44,6.43,6.42,6.41,6.4,683,2300,670,693,1694,1
2020-01-02 09:54:09,6.45,1956.000,1260352.000,6.45,6.46,6.47,6.48,6.49,767,2004,3212,4019,3789,6.43,6.42,6.41,6.4,6.39,2210,676,684,1694,321,1
2020-01-02 09:54:12,6.45,1788.000,1153280.000,6.45,6.46,6.47,6.48,6.49,459,1875,3212,4017,3789,6.44,6.43,6.42,6.41,6.4,135,2214,766,591,1694,1
2020-01-02 09:54:15,6.45,1269.000,818624.000,6.45,6.46,6.47,6.48,6.49,1307,1840,3212,3914,3814,6.44,6.43,6.42,6.41,6.4,245,2214,743,591,1686,1
2020-01-02 09:54:18,6.44,1321.000,850912.000,6.44,6.45,6.46,6.47,6.48,1343,1894,2173,3112,3914,6.43,6.42,6.41,6.4,6.39,2004,743,578,1726,331,0
2020-01-02 09:54:21,6.44,4396.000,2828832.000,6.44,6.45,6.46,6.47,6.48,148,2284,2192,3113,3914,6.43,6.42,6.41,6.4,6.39,77,743,578,1744,331,1
2020-01-02 09:54:24,6.44,1140.000,733920.000,6.44,6.45,6.46,6.47,6.48,1686,2249,2251,3113,3914,6.42,6.41,6.4,6.39,6.38,708,576,1746,331,1517,1
2020-01-02 09:54:27,6.43,1014.000,652768.000,6.43,6.44,6.45,6.46,6.47,164,1635,2404,2271,3157,6.42,6.41,6.4,6.39,6.38,735,580,1758,331,1547,0
2020-01-02 09:54:30,6.44,1842.000,1184128.000,6.43,6.44,6.45,6.46,6.47,2,1095,2076,2271,3588,6.41,6.4,6.39,6.38,6.37,570,1765,331,1547,543,1
2020-01-02 09:54:33,6.43,665.000,427200.000,6.43,6.44,6.45,6.46,6.47,1542,1226,2211,2197,3675,6.41,6.4,6.39,6.38,6.37,657,1765,331,1550,543,0
2020-01-02 09:54:36,6.43,708.000,454816.000,6.42,6.43,6.44,6.45,6.46,5,1780,1336,2269,2104,6.41,6.4,6.39,6.38,6.37,1039,1765,331,1540,543,1
2020-01-02 09:54:39,6.42,399.000,256096.000,6.42,6.43,6.44,6.45,6.46,114,1678,1469,2944,2154,6.41,6.4,6.39,6.38,6.37,1004,2265,331,1540,538,0
2020-01-02 09:54:42,6.41,1447.000,928000.000,6.41,6.42,6.43,6.44,6.45,373,312,1686,1134,2987,6.4,6.39,6.38,6.37,6.36,2592,331,1535,538,1123,0
2020-01-02 09:54:46,6.41,324.000,207680.000,6.41,6.42,6.43,6.44,6.45,119,616,1686,1357,3055,6.4,6.39,6.38,6.37,6.36,2400,331,1535,538,1123,1
2020-01-02 09:54:48,6.41,1314.000,841152.000,6.41,6.42,6.43,6.44,6.45,55,616,1680,1406,3563,6.4,6.39,6.38,6.37,6.36,1276,405,1585,538,1123,1
2020-01-02 09:54:51,6.41,165.000,105216.000,6.42,6.43,6.44,6.45,6.46,1258,1297,1385,3568,2330,6.41,6.4,6.39,6.38,6.37,893,1231,405,1585,558,1
2020-01-02 09:54:55,6.41,438.000,280960.000,6.42,6.43,6.44,6.45,6.46,1425,1257,1424,3600,2325,6.41,6.4,6.39,6.38,6.37,634,1253,330,1585,539,0
2020-01-02 09:54:57,6.42,405.000,259904.000,6.42,6.43,6.44,6.45,6.46,1195,1224,1734,3682,2333,6.41,6.4,6.39,6.38,6.37,903,1312,363,1597,539,1
2020-01-02 09:55:00,6.41,1537.000,985472.000,6.41,6.42,6.43,6.44,6.45,28,1015,1224,1689,3731,6.4,6.39,6.38,6.37,6.36,1229,465,1642,577,1123,0
2020-01-02 09:55:03,6.41,273.000,175040.000,6.41,6.42,6.43,6.44,6.45,51,960,1274,1703,3575,6.4,6.39,6.38,6.37,6.36,1420,465,1706,577,1123,1
2020-01-02 09:55:06,6.41,2188.000,1400832.000,6.42,6.43,6.44,6.45,6.46,997,1274,1723,3596,2367,6.41,6.4,6.39,6.38,6.37,222,63,615,1722,577,1
2020-01-02 09:55:09,6.41,651.000,417568.000,6.41,6.42,6.43,6.44,6.45,1168,1288,1274,1729,3714,6.4,6.39,6.38,6.37,6.36,105,615,1722,582,1123,0
2020-01-02 09:55:12,6.41,773.000,495392.000,6.41,6.42,6.43,6.44,6.45,819,1504,1317,1415,3754,6.4,6.39,6.38,6.37,6.36,701,615,1722,582,1138,1
2020-01-02 09:55:15,6.4,2072.000,1327520.000,6.4,6.41,6.42,6.43,6.44,53,15,1180,1364,1415,6.39,6.38,6.37,6.36,6.35,1075,1722,564,1118,567,0
2020-01-02 09:55:18,6.41,1882.000,1203872.000,6.42,6.43,6.44,6.45,6.46,744,1279,1390,4135,2386,6.41,6.39,6.38,6.37,6.36,116,830,1749,664,1118,1
2020-01-02 09:55:21,6.4,137.000,88064.000,6.41,6.42,6.43,6.44,6.45,17,744,1274,1492,4307,6.4,6.39,6.38,6.37,6.36,127,930,1754,626,1118,0
2020-01-02 09:55:24,6.42,142.000,90912.000,6.42,6.43,6.44,6.45,6.46,757,1224,1532,4817,2386,6.41,6.4,6.39,6.38,6.37,236,99,1430,1754,626,1
2020-01-02 09:55:27,6.41,1119.000,716032.000,6.41,6.42,6.43,6.44,6.45,1281,851,1224,1486,4828,6.4,6.39,6.38,6.37,6.36,235,908,1754,626,1118,0
2020-01-02 09:55:30,6.41,903.000,578592.000,6.41,6.42,6.43,6.44,6.45,656,951,1244,1467,4754,6.4,6.39,6.38,6.37,6.36,50,911,1756,626,1118,1
2020-01-02 09:55:33,6.42,1904.000,1219936.000,6.42,6.43,6.44,6.45,6.46,1196,1244,1397,4910,2433,6.4,6.39,6.38,6.37,6.36,532,960,1729,626,1118,1
2020-01-02 09:55:36,6.4,445.000,284928.000,6.41,6.42,6.43,6.44,6.45,34,1287,1253,1391,4910,6.4,6.39,6.38,6.37,6.36,235,1154,1729,626,1103,0
2020-01-02 09:55:40,6.41,146.000,93536.000,6.42,6.43,6.44,6.45,6.46,1312,1253,1493,4916,2463,6.41,6.4,6.39,6.38,6.37,16,234,1169,1775,646,1
2020-01-02 09:55:42,6.41,96.000,61504.000,6.41,6.42,6.43,6.44,6.45,207,1310,1328,1498,4839,6.4,6.39,6.38,6.37,6.36,227,1220,1875,646,1103,0
2020-01-02 09:55:46,6.41,452.000,289664.000,6.41,6.42,6.43,6.44,6.45,102,1632,1412,1498,4839,6.4,6.39,6.38,6.37,6.36,153,1220,1875,646,1153,1
2020-01-02 09:55:48,6.41,183.000,117248.000,6.42,6.43,6.44,6.45,6.46,1754,1587,1498,5439,2554,6.41,6.4,6.39,6.38,6.37,120,1514,1300,1905,646,1
2020-01-02 09:55:51,6.41,124.000,79232.000,6.42,6.43,6.44,6.45,6.46,1929,1587,1625,5568,2551,6.41,6.4,6.39,6.38,6.37,1056,1587,1313,1905,646,0
2020-01-02 09:55:54,6.41,525.000,336544.000,6.42,6.43,6.44,6.45,6.46,2063,1589,1625,5586,2551,6.41,6.4,6.39,6.38,6.37,965,1842,1313,1993,646,0
2020-01-02 09:55:58,6.42,1430.000,916864.000,6.42,6.43,6.44,6.45,6.46,2035,1589,1775,5621,2551,6.4,6.39,6.38,6.37,6.36,1877,1313,1993,646,1156,1
2020-01-02 09:56:01,6.41,616.000,394304.000,6.41,6.42,6.43,6.44,6.45,299,2053,1569,1832,5819,6.4,6.39,6.38,6.37,6.36,1380,1030,1993,646,1162,0
2020-01-02 09:56:03,6.4,416.000,266400.000,6.41,6.42,6.43,6.44,6.45,356,2106,1569,1831,5832,6.4,6.39,6.38,6.37,6.36,1161,1040,1993,646,1162,0
2020-01-02 09:56:06,6.41,302.000,193504.000,6.41,6.42,6.43,6.44,6.45,258,2337,1544,1881,5827,6.4,6.39,6.38,6.37,6.36,1208,1040,2030,641,1162,1
2020-01-02 09:56:09,6.4,351.000,224864.000,6.41,6.42,6.43,6.44,6.45,382,2437,1544,1902,5985,6.4,6.39,6.38,6.37,6.36,1110,1040,1990,641,1162,0
2020-01-02 09:56:12,6.4,853.000,546048.000,6.41,6.42,6.43,6.44,6.45,357,2451,1544,1902,5906,6.4,6.39,6.38,6.37,6.36,625,1072,1980,551,1162,0
2020-01-02 09:56:16,6.41,881.000,564544.000,6.41,6.42,6.43,6.44,6.45,272,2271,1497,1939,5973,6.4,6.39,6.38,6.37,6.36,680,1072,1980,551,1162,1
2020-01-02 09:56:18,6.4,1339.000,857472.000,6.41,6.42,6.43,6.44,6.45,222,2290,1497,1951,5978,6.4,6.39,6.38,6.37,6.36,152,1142,1997,551,1162,0
2020-01-02 09:56:21,6.4,300.000,191936.000,6.4,6.41,6.42,6.43,6.44,139,424,2285,1497,1979,6.39,6.38,6.37,6.36,6.35,1050,1997,1046,1166,691,0
2020-01-02 09:56:24,6.4,199.000,127360.000,6.4,6.41,6.42,6.43,6.44,75,972,2315,1497,2102,6.39,6.38,6.37,6.36,6.35,1054,1997,1046,1166,691,1
2020-01-02 09:56:27,6.39,272.000,173888.000,6.4,6.41,6.42,6.43,6.44,202,1606,2297,1497,1966,6.39,6.38,6.37,6.36,6.35,1070,1997,1046,1166,622,0
2020-01-02 09:56:31,6.39,266.000,170144.000,6.4,6.41,6.42,6.43,6.44,229,1849,2297,1497,1957,6.39,6.38,6.37,6.36,6.35,960,1980,1047,1166,715,0
2020-01-02 09:56:33,6.39,102.000,65280.000,6.4,6.41,6.42,6.43,6.44,719,1849,2255,1497,1874,6.39,6.38,6.37,6.36,6.35,974,1980,1047,1234,715,0
2020-01-02 09:56:37,6.4,1230.000,786080.000,6.4,6.41,6.42,6.43,6.44,568,1914,2197,1497,1904,6.39,6.38,6.37,6.36,6.35,1,1887,1065,1234,715,1
2020-01-02 09:56:39,6.39,84.000,53696.000,6.39,6.4,6.41,6.42,6.43,193,545,1914,2180,1580,6.38,6.37,6.36,6.35,6.34,1841,1065,1234,816,400,0
2020-01-02 09:56:42,6.39,474.000,302912.000,6.39,6.4,6.41,6.42,6.43,939,624,1760,2197,1580,6.38,6.37,6.36,6.35,6.34,1844,1145,1235,816,500,1
2020-01-02 09:56:46,6.38,690.000,440672.000,6.39,6.4,6.41,6.42,6.43,563,647,1858,2097,1580,6.38,6.37,6.36,6.35,6.34,1639,1145,1235,816,500,0
2020-01-02 09:56:48,6.38,633.000,404000.000,6.39,6.4,6.41,6.42,6.43,477,667,1759,2077,1497,6.38,6.37,6.36,6.35,6.34,1171,1140,1235,816,500,0
2020-01-02 09:56:51,6.39,716.000,457536.000,6.4,6.41,6.42,6.43,6.44,702,1646,2077,1517,1735,6.39,6.38,6.37,6.36,6.35,645,1362,1110,1235,820,1
2020-01-02 09:56:54,6.39,277.000,177024.000,6.4,6.41,6.42,6.43,6.44,212,1634,2160,1517,1735,6.39,6.38,6.37,6.36,6.35,643,1362,1088,1235,822,0
2020-01-02 09:56:57,6.4,43.000,27488.000,6.4,6.41,6.42,6.43,6.44,526,1634,2237,1547,1755,6.39,6.38,6.37,6.36,6.35,757,1363,1088,1235,822,1
2020-01-02 09:57:00,6.4,162.000,103008.000,6.4,6.41,6.42,6.43,6.44,661,1634,2237,1547,1765,6.39,6.38,6.37,6.36,6.35,689,1303,1088,1235,818,1
2020-01-02 09:57:04,6.39,505.000,322720.000,6.4,6.41,6.42,6.43,6.44,929,1634,2208,1482,1665,6.39,6.38,6.37,6.36,6.35,724,1306,1088,1242,823,0
2020-01-02 09:57:06,6.4,126.000,80544.000,6.4,6.41,6.42,6.43,6.44,958,1740,2207,1472,1695,6.39,6.38,6.37,6.36,6.35,676,1290,1088,1242,799,1
2020-01-02 09:57:09,6.4,608.000,389088.000,6.4,6.41,6.42,6.43,6.44,817,1116,2207,1386,1654,6.39,6.38,6.37,6.36,6.35,684,1305,1088,1242,896,1
2020-01-02 09:57:12,6.4,92.000,58816.000,6.4,6.41,6.42,6.43,6.44,869,1116,2213,1386,1650,6.39,6.38,6.37,6.36,6.35,867,1423,1088,1242,944,1
2020-01-02 09:57:16,6.39,562.000,359168.000,6.4,6.41,6.42,6.43,6.44,959,1178,2222,1386,1650,6.39,6.38,6.37,6.36,6.35,372,1429,1088,1242,924,0
2020-01-02 09:57:18,6.4,100.000,63936.000,6.4,6.41,6.42,6.43,6.44,989,1178,2230,1386,1665,6.39,6.38,6.37,6.36,6.35,324,1429,1088,1245,920,1
2020-01-02 09:57:21,6.39,378.000,241664.000,6.4,6.41,6.42,6.43,6.44,877,1188,2230,1416,1665,6.39,6.38,6.37,6.36,6.35,162,1429,1088,1245,920,0
2020-01-02 09:57:24,6.39,145.000,92672.000,6.4,6.41,6.42,6.43,6.44,2278,1093,2230,1416,1365,6.39,6.38,6.37,6.36,6.35,130,1448,1088,1245,920,0
2020-01-02 09:57:27,6.39,116.000,74144.000,6.4,6.41,6.42,6.43,6.44,2430,1198,2258,1416,1365,6.39,6.38,6.37,6.36,6.35,204,1448,1088,1235,930,0
2020-01-02 09:57:30,6.39,414.000,265344.000,6.4,6.41,6.42,6.43,6.44,2224,1198,2153,1434,1365,6.39,6.38,6.37,6.36,6.35,700,1448,1088,1275,930,0
2020-01-02 09:57:33,6.39,282.000,180224.000,6.4,6.41,6.42,6.43,6.44,2258,1273,2142,1384,1365,6.39,6.38,6.37,6.36,6.35,548,1483,1088,1275,935,0
2020-01-02 09:57:36,6.39,647.000,413440.000,6.39,6.4,6.41,6.42,6.43,863,2431,1254,2312,1384,6.38,6.37,6.36,6.35,6.34,1519,593,1275,971,695,0
2020-01-02 09:57:39,6.39,424.000,270912.000,6.39,6.4,6.41,6.42,6.43,479,2856,1377,2362,1384,6.38,6.37,6.36,6.35,6.34,1529,593,1275,981,695,1
2020-01-02 09:57:42,6.39,170.000,108640.000,6.39,6.4,6.41,6.42,6.43,421,3365,1382,2379,1389,6.38,6.37,6.36,6.35,6.34,1541,593,1275,981,695,1
2020-01-02 09:57:45,6.39,243.000,155264.000,6.39,6.4,6.41,6.42,6.43,518,3782,1372,2380,1389,6.38,6.37,6.36,6.35,6.34,1539,593,1175,981,695,1
2020-01-02 09:57:48,6.38,693.000,442688.000,6.39,6.4,6.41,6.42,6.43,899,3782,1372,2394,1389,6.38,6.37,6.36,6.35,6.34,1395,593,1175,1481,695,0
2020-01-02 09:57:51,6.39,541.000,345632.000,6.39,6.4,6.41,6.42,6.43,670,3889,1372,2434,1362,6.38,6.37,6.36,6.35,6.34,1321,593,1175,1481,695,1
2020-01-02 09:57:54,6.39,198.000,126400.000,6.39,6.4,6.41,6.42,6.43,598,4097,1347,2734,1362,6.38,6.37,6.36,6.35,6.34,1192,603,1175,1481,695,1
2020-01-02 09:57:57,6.38,294.000,187648.000,6.39,6.4,6.41,6.42,6.43,546,4061,1374,2638,1362,6.38,6.37,6.36,6.35,6.34,992,633,1198,1472,695,0
2020-01-02 09:58:00,6.39,1025.000,654016.000,6.39,6.4,6.41,6.42,6.43,579,4080,1354,2588,1414,6.38,6.37,6.36,6.35,6.34,311,663,1198,1472,695,1
2020-01-02 09:58:04,6.38,252.000,160928.000,6.39,6.4,6.41,6.42,6.43,539,4119,1354,2588,1419,6.38,6.37,6.36,6.35,6.34,211,663,1198,1472,705,0
2020-01-02 09:58:06,6.4,5075.000,3246880.000,6.41,6.42,6.43,6.44,6.45,1310,2588,1219,2760,6811,6.4,6.39,6.38,6.37,6.36,2644,52,87,668,1203,1
2020-01-02 09:58:09,6.4,258.000,165120.000,6.41,6.42,6.43,6.44,6.45,1309,2588,1219,2765,6811,6.4,6.39,6.38,6.37,6.36,2450,52,107,668,1203,0
2020-01-02 09:58:12,6.4,426.000,272640.000,6.41,6.42,6.43,6.44,6.45,1228,2588,1219,2765,6816,6.4,6.39,6.38,6.37,6.36,2024,89,129,713,1203,0
2020-01-02 09:58:15,6.41,83.000,53184.000,6.41,6.42,6.43,6.44,6.45,1170,2551,1219,2765,6811,6.4,6.39,6.38,6.37,6.36,1951,89,329,713,1203,1
2020-01-02 09:58:18,6.41,181.000,115872.000,6.41,6.42,6.43,6.44,6.45,1144,2556,1219,2755,6811,6.4,6.39,6.38,6.37,6.36,1817,94,354,713,1203,1
2020-01-02 09:58:21,6.4,416.000,266368.000,6.41,6.42,6.43,6.44,6.45,1089,2556,1219,2755,7035,6.4,6.39,6.38,6.37,6.36,1519,113,414,721,1218,0
2020-01-02 09:58:24,6.41,425.000,272384.000,6.41,6.42,6.43,6.44,6.45,710,2674,1281,2758,7035,6.4,6.39,6.38,6.37,6.36,1511,113,1442,721,1218,1
2020-01-02 09:58:27,6.41,858.000,549952.000,6.42,6.43,6.44,6.45,6.46,2681,1301,2753,7051,10488,6.41,6.4,6.39,6.38,6.37,402,3603,351,1435,731,1
2020-01-02 09:58:30,6.42,221.000,141888.000,6.42,6.43,6.44,6.45,6.46,2477,1301,2763,7072,10470,6.41,6.4,6.39,6.38,6.37,519,3730,354,1445,731,1
2020-01-02 09:58:33,6.41,428.000,274400.000,6.42,6.43,6.44,6.45,6.46,3003,1301,2763,7249,10470,6.41,6.4,6.39,6.38,6.37,221,3751,354,1388,731,0
2020-01-02 09:58:36,6.42,585.000,375104.000,6.42,6.43,6.44,6.45,6.46,2875,1296,2871,7146,10470,6.41,6.4,6.39,6.38,6.37,921,3705,356,1398,706,1
2020-01-02 09:58:39,6.42,4166.000,2672960.000,6.43,6.44,6.45,6.46,6.47,1296,2871,7181,10470,4004,6.42,6.41,6.4,6.39,6.38,863,12,3565,371,1398,1
2020-01-02 09:58:42,6.44,1545.000,993376.000,6.44,6.45,6.46,6.47,6.48,2846,7181,10470,4004,4148,6.42,6.41,6.4,6.39,6.38,812,529,3568,354,1481,1
2020-01-02 09:58:45,6.42,704.000,452992.000,6.44,6.45,6.46,6.47,6.48,2364,7195,10448,3970,4228,6.42,6.41,6.4,6.39,6.38,1078,554,3558,384,1484,0
2020-01-02 09:58:48,6.42,1362.000,876800.000,6.44,6.45,6.46,6.47,6.48,1192,7274,10434,3970,4228,6.42,6.41,6.4,6.39,6.38,929,554,3557,387,1499,0
2020-01-02 09:58:51,6.43,872.000,561280.000,6.43,6.44,6.45,6.46,6.47,444,529,7393,10434,3970,6.42,6.41,6.4,6.39,6.38,860,547,3557,387,1499,1
2020-01-02 09:58:54,6.42,255.000,163872.000,6.43,6.44,6.45,6.46,6.47,289,629,7668,10444,3970,6.42,6.41,6.4,6.39,6.38,773,548,3557,487,1499,0
2020-01-02 09:58:57,6.43,137.000,88032.000,6.43,6.44,6.45,6.46,6.47,246,867,7751,10468,3970,6.42,6.41,6.4,6.39,6.38,1151,1068,3558,487,1499,1
2020-01-02 09:59:00,6.44,384.000,246880.000,6.44,6.45,6.46,6.47,6.48,1079,7783,10380,3970,4292,6.43,6.42,6.41,6.4,6.39,379,1023,1168,3548,487,1
2020-01-02 09:59:03,6.44,548.000,352512.000,6.44,6.45,6.46,6.47,6.48,986,7698,10375,3970,4292,6.43,6.42,6.41,6.4,6.39,1578,1083,1218,3548,487,1
2020-01-02 09:59:06,6.44,666.000,428608.000,6.44,6.45,6.46,6.47,6.48,1403,7709,10375,3960,4289,6.43,6.42,6.41,6.4,6.39,1902,1098,1218,3536,492,1
2020-01-02 09:59:09,6.44,762.000,490720.000,6.44,6.45,6.46,6.47,6.48,1154,7655,10388,3960,4169,6.43,6.42,6.41,6.4,6.39,1989,803,1265,3536,512,1
2020-01-02 09:59:12,6.45,2963.000,1909760.000,6.44,6.45,6.46,6.47,6.48,6,6086,10388,3960,4079,6.43,6.42,6.41,6.4,6.39,2002,703,1265,3546,512,1
2020-01-02 09:59:15,6.44,695.000,448064.000,6.45,6.46,6.47,6.48,6.49,5562,10386,3960,4067,4794,6.44,6.43,6.42,6.41,6.4,889,2079,664,1265,3546,0
2020-01-02 09:59:18,6.44,1094.000,704672.000,6.45,6.46,6.47,6.48,6.49,5432,10354,4000,4059,4794,6.44,6.43,6.42,6.41,6.4,429,2140,664,1265,3544,0
2020-01-02 09:59:21,6.44,6028.000,3887968.000,6.46,6.47,6.48,6.49,6.5,10177,4000,4059,4794,14152,6.45,6.44,6.43,6.42,6.41,289,299,2140,661,1285,0
2020-01-02 09:59:24,6.45,6807.000,4397120.000,6.46,6.47,6.48,6.49,6.5,3559,3961,4127,4794,14137,6.45,6.44,6.43,6.42,6.41,343,385,2148,669,1283,1
2020-01-02 09:59:27,6.46,2541.000,1641568.000,6.46,6.47,6.48,6.49,6.5,1077,3547,4127,4794,14198,6.45,6.44,6.43,6.42,6.41,328,1558,2145,669,1283,1
2020-01-02 09:59:30,6.47,1185.000,765632.000,6.47,6.48,6.49,6.5,6.51,3497,4137,4894,14270,2350,6.46,6.45,6.44,6.43,6.42,146,161,1579,2145,659,1
2020-01-02 09:59:33,6.46,1346.000,870656.000,6.47,6.48,6.49,6.5,6.51,2347,4133,4894,14250,2350,6.46,6.45,6.44,6.43,6.42,472,180,1624,2144,659,0
2020-01-02 09:59:36,6.47,1254.000,811104.000,6.47,6.48,6.49,6.5,6.51,1328,4200,4923,14208,2354,6.46,6.45,6.44,6.43,6.42,446,437,1537,892,645,1
2020-01-02 09:59:39,6.46,660.000,426560.000,6.47,6.48,6.49,6.5,6.51,1195,4310,4983,14198,2364,6.46,6.45,6.44,6.43,6.42,165,522,1536,892,645,0
2020-01-02 09:59:42,6.47,697.000,450880.000,6.47,6.48,6.49,6.5,6.51,2392,4724,5127,14105,2364,6.46,6.45,6.44,6.43,6.42,108,588,1526,892,685,1
2020-01-02 09:59:45,6.47,2382.000,1539840.000,6.47,6.48,6.49,6.5,6.51,2127,5119,5196,14066,2364,6.46,6.45,6.44,6.43,6.42,304,307,1554,892,685,1
2020-01-02 09:59:48,6.46,1270.000,820480.000,6.46,6.47,6.48,6.49,6.5,845,2273,5119,5237,13520,6.45,6.44,6.43,6.42,6.41,315,1545,900,692,2613,0
2020-01-02 09:59:51,6.46,967.000,623808.000,6.46,6.47,6.48,6.49,6.5,1641,2667,5166,5286,13633,6.45,6.44,6.43,6.42,6.41,401,1513,900,692,2658,1
2020-01-02 09:59:54,6.46,824.000,531840.000,6.46,6.47,6.48,6.49,6.5,1256,2703,5147,5349,13895,6.45,6.44,6.43,6.42,6.41,4,1513,909,1177,2623,1
2020-01-02 09:59:57,6.45,1470.000,948160.000,6.45,6.46,6.47,6.48,6.49,472,1657,2731,5147,5352,6.44,6.43,6.42,6.41,6.4,1510,897,1117,2623,1416,0
2020-01-02 10:00:00,6.45,2071.000,1337056.000,6.45,6.46,6.47,6.48,6.49,46,432,2705,5116,5486,6.44,6.43,6.42,6.41,6.4,1509,898,1117,2623,1416,1
2020-01-02 10:00:03,6.45,835.000,538528.000,6.45,6.46,6.47,6.48,6.49,301,669,2814,5048,5483,6.44,6.43,6.42,6.41,6.4,1427,895,1117,2623,1416,1
2020-01-02 10:00:06,6.45,1499.000,966304.000,6.45,6.46,6.47,6.48,6.49,348,1388,2931,5120,5483,6.44,6.43,6.42,6.41,6.4,901,895,1116,2651,1479,1
2020-01-02 10:00:09,6.45,1540.000,992128.000,6.45,6.46,6.47,6.48,6.49,316,1469,2970,5116,5523,6.43,6.42,6.41,6.4,6.39,898,1292,2651,1467,1840,1
2020-01-02 10:00:12,6.45,1226.000,788896.000,6.45,6.46,6.47,6.48,6.49,196,1655,2980,5128,5531,6.44,6.43,6.42,6.41,6.4,9,500,1292,2651,1477,1
2020-01-02 10:00:15,6.45,974.000,628224.000,6.46,6.47,6.48,6.49,6.5,1686,3650,5216,5539,14325,6.45,6.44,6.43,6.42,6.41,449,12,439,1497,2651,1
2020-01-02 10:00:18,6.44,624.000,402080.000,6.44,6.45,6.46,6.47,6.48,204,426,1801,3647,5216,6.43,6.42,6.41,6.4,6.39,597,1497,2651,1801,1810,0
2020-01-02 10:00:21,6.45,1219.000,786240.000,6.46,6.47,6.48,6.49,6.5,1537,3695,5216,5549,14377,6.45,6.44,6.43,6.42,6.41,489,420,441,1498,2651,1
2020-01-02 10:00:24,6.45,1230.000,792800.000,6.45,6.46,6.47,6.48,6.49,343,1632,3794,5237,5550,6.44,6.43,6.42,6.41,6.4,264,452,1498,2651,1806,0
2020-01-02 10:00:27,6.45,3204.000,2068352.000,6.45,6.46,6.47,6.48,6.49,52,68,3862,5287,5550,6.44,6.43,6.42,6.41,6.4,412,570,1498,2651,1922,1
2020-01-02 10:00:30,6.45,296.000,190912.000,6.46,6.47,6.48,6.49,6.5,776,3767,5332,5552,14373,6.45,6.44,6.43,6.42,6.41,45,448,595,1498,2651,1
2020-01-02 10:00:33,6.46,668.000,431232.000,6.46,6.47,6.48,6.49,6.5,576,3775,5262,5597,14398,6.45,6.44,6.43,6.42,6.41,20,420,358,1498,2651,1
2020-01-02 10:00:36,6.43,1001.000,644064.000,6.43,6.45,6.46,6.47,6.48,1132,472,1342,3797,5367,6.42,6.41,6.4,6.39,6.38,1498,2651,1957,1757,2831,0
2020-01-02 10:00:39,6.43,276.000,177472.000,6.43,6.45,6.46,6.47,6.48,864,641,1600,3616,5353,6.42,6.41,6.4,6.39,6.38,1500,2651,1967,1742,2831,1
2020-01-02 10:00:42,6.43,191.000,122816.000,6.43,6.45,6.46,6.47,6.48,690,1209,1813,3646,5286,6.42,6.41,6.4,6.39,6.38,1500,2651,1967,1742,2771,1
2020-01-02 10:00:45,6.43,811.000,521344.000,6.43,6.44,6.45,6.46,6.47,20,50,1248,1809,3783,6.42,6.41,6.4,6.39,6.38,1439,2651,1967,1742,2771,1
2020-01-02 10:00:48,6.44,206.000,132768.000,6.44,6.45,6.46,6.47,6.48,54,1248,2064,3683,5340,6.43,6.42,6.41,6.4,6.39,131,1349,2651,1979,1742,1
2020-01-02 10:00:51,6.44,190.000,122176.000,6.44,6.45,6.46,6.47,6.48,35,1265,1992,3685,5343,6.43,6.42,6.41,6.4,6.39,680,1371,2659,2034,1765,1
2020-01-02 10:00:54,6.45,128.000,82432.000,6.45,6.46,6.47,6.48,6.49,1370,1999,3741,5343,5852,6.44,6.43,6.42,6.41,6.4,9,892,1350,2694,2298,1
2020-01-02 10:00:57,6.43,154.000,98784.000,6.44,6.45,6.46,6.47,6.48,424,1386,2005,3744,5343,6.43,6.42,6.41,6.4,6.39,771,1351,2694,2288,1765,0
2020-01-02 10:01:00,6.44,882.000,568000.000,6.44,6.45,6.46,6.47,6.48,573,1485,2054,3745,5343,6.43,6.42,6.41,6.4,6.39,1195,1341,2659,2288,1760,1
2020-01-02 10:01:03,6.43,1788.000,1149760.000,6.43,6.44,6.45,6.46,6.47,112,786,1524,2059,3657,6.42,6.41,6.4,6.39,6.38,1346,2659,2288,1760,2834,0
2020-01-02 10:01:06,6.44,215.000,138304.000,6.44,6.45,6.46,6.47,6.48,622,1785,2333,3914,5430,6.43,6.42,6.41,6.4,6.39,108,1346,2659,2288,1764,1
2020-01-02 10:01:09,6.44,132.000,84992.000,6.44,6.45,6.46,6.47,6.48,538,1979,2223,3920,5430,6.43,6.42,6.41,6.4,6.39,262,1436,2659,2296,1764,1
2020-01-02 10:01:12,6.43,189.000,121632.000,6.44,6.45,6.46,6.47,6.48,548,2143,2274,4188,5448,6.43,6.42,6.41,6.4,6.39,344,1486,2659,2304,1820,0
2020-01-02 10:01:15,6.44,693.000,445696.000,6.44,6.45,6.46,6.47,6.48,821,2144,1598,4188,5448,6.42,6.41,6.4,6.39,6.38,1486,2659,2304,1820,3257,1
2020-01-02 10:01:18,6.43,110.000,70720.000,6.44,6.45,6.46,6.47,6.48,838,2297,1608,3849,5467,6.43,6.42,6.41,6.4,6.39,99,1488,2659,2304,1820,0
2020-01-02 10:01:21,6.42,1420.000,912896.000,6.43,6.44,6.45,6.46,6.47,64,668,2315,1653,3876,6.42,6.41,6.4,6.39,6.38,1037,2659,2304,1890,3287,0
2020-01-02 10:01:24,6.44,302.000,194432.000,6.44,6.45,6.46,6.47,6.48,419,2746,1988,3876,5477,6.43,6.42,6.41,6.4,6.39,24,1121,2659,2304,1900,1
2020-01-02 10:01:28,6.43,1281.000,825696.000,6.44,6.45,6.46,6.47,6.48,671,1973,2008,3888,5500,6.43,6.42,6.41,6.4,6.39,47,1116,2659,2342,1900,0
2020-01-02 10:01:30,6.44,122.000,78432.000,6.44,6.45,6.46,6.47,6.48,794,1978,2008,3887,5500,6.43,6.42,6.41,6.4,6.39,125,1133,2659,2342,1900,1
2020-01-02 10:01:33,6.43,127.000,81696.000,6.44,6.45,6.46,6.47,6.48,1006,2435,2008,3893,5500,6.43,6.42,6.41,6.4,6.39,269,1197,2659,2342,1900,0
2020-01-02 10:01:36,6.43,98.000,63072.000,6.44,6.45,6.46,6.47,6.48,1378,2602,2008,3952,5500,6.43,6.42,6.41,6.4,6.39,260,1256,2660,2342,1900,0
2020-01-02 10:01:39,6.42,1910.000,1227488.000,6.42,6.44,6.45,6.46,6.47,1889,1048,2609,2008,3962,6.41,6.4,6.39,6.38,6.37,2660,2342,1900,3244,716,0
2020-01-02 10:01:42,6.42,332.000,213024.000,6.42,6.43,6.44,6.45,6.46,1687,78,1575,2579,1966,6.41,6.4,6.39,6.38,6.37,2530,2392,1900,3244,716,1
2020-01-02 10:01:45,6.45,6879.000,4429280.000,6.46,6.47,6.48,6.49,6.5,1966,3962,5503,5898,15627,6.45,6.43,6.42,6.41,6.4,1567,4,8,2330,2392,1
2020-01-02 10:01:48,6.45,535.000,345088.000,6.46,6.47,6.48,6.49,6.5,2009,3954,5504,5918,15627,6.45,6.43,6.42,6.41,6.4,1053,22,563,2330,2392,0
2020-01-02 10:01:51,6.44,2176.000,1401536.000,6.45,6.46,6.47,6.48,6.49,216,2143,4004,5504,5918,6.44,6.43,6.42,6.41,6.4,843,2,543,2331,2392,0
2020-01-02 10:01:54,6.42,1203.000,774400.000,6.44,6.45,6.46,6.47,6.48,116,418,2151,4004,5504,6.42,6.41,6.4,6.39,6.38,334,2331,2392,1950,3351,0
2020-01-02 10:01:57,6.44,1574.000,1015360.000,6.45,6.46,6.47,6.48,6.49,45,1883,4336,5524,5918,6.44,6.43,6.42,6.41,6.4,69,2,458,2331,2426,1
2020-01-02 10:02:00,6.45,327.000,211040.000,6.46,6.47,6.48,6.49,6.5,1884,4336,5529,6018,15752,6.45,6.44,6.43,6.42,6.41,202,176,202,752,2331,1
2020-01-02 10:02:03,6.45,367.000,236512.000,6.45,6.46,6.47,6.48,6.49,102,1897,4536,5519,6018,6.44,6.43,6.42,6.41,6.4,89,360,911,2331,2451,0
2020-01-02 10:02:06,6.45,358.000,230912.000,6.45,6.46,6.47,6.48,6.49,636,2197,4536,5519,6018,6.44,6.43,6.42,6.41,6.4,107,437,1219,2331,2486,1
2020-01-02 10:02:09,6.44,887.000,570912.000,6.45,6.46,6.47,6.48,6.49,3071,2322,4536,5519,6027,6.44,6.43,6.42,6.41,6.4,102,64,1271,2331,2486,0
2020-01-02 10:02:12,6.44,2001.000,1289664.000,6.44,6.45,6.46,6.47,6.48,28,2097,2285,4536,5519,6.43,6.42,6.41,6.4,6.39,2,1241,2331,2486,1950,0
2020-01-02 10:02:15,6.44,180.000,116000.000,6.44,6.45,6.46,6.47,6.48,32,1996,2305,4539,5519,6.43,6.42,6.41,6.4,6.39,6,1280,2331,2482,1950,1
2020-01-02 10:02:18,6.44,381.000,245408.000,6.45,6.46,6.47,6.48,6.49,1974,2237,4597,5529,6113,6.44,6.43,6.42,6.41,6.4,21,1077,1348,2479,2482,1
2020-01-02 10:02:21,6.43,555.000,357184.000,6.44,6.45,6.46,6.47,6.48,613,1957,2340,4592,5529,6.43,6.42,6.41,6.4,6.39,1005,1348,2479,2559,1950,0
2020-01-02 10:02:24,6.46,3026.000,1951104.000,6.46,6.47,6.48,6.49,6.5,2307,4573,5529,6169,15640,6.45,6.44,6.43,6.42,6.41,2956,40,1002,1349,2479,1
2020-01-02 10:02:27,6.46,869.000,560736.000,6.46,6.47,6.48,6.49,6.5,2369,4573,5529,6169,15654,6.45,6.44,6.43,6.42,6.41,2571,77,1042,1379,2479,1
2020-01-02 10:02:30,6.46,439.000,283200.000,6.46,6.47,6.48,6.49,6.5,2392,4574,5529,6169,15623,6.45,6.44,6.43,6.42,6.41,2183,77,1127,1379,2479,1
2020-01-02 10:02:33,6.46,585.000,377568.000,6.46,6.47,6.48,6.49,6.5,1819,4574,5540,6180,15628,6.45,6.44,6.43,6.42,6.41,2233,85,1132,1389,2479,1
2020-01-02 10:02:36,6.46,2574.000,1662880.000,6.47,6.48,6.49,6.5,6.51,4031,5541,6173,15632,2514,6.46,6.45,6.44,6.43,6.42,2048,2272,85,1103,1389,1
2020-01-02 10:02:39,6.48,7589.000,4913184.000,6.48,6.49,6.5,6.51,6.52,2383,6212,15618,2514,3909,6.47,6.46,6.45,6.44,6.43,2226,2332,2272,70,1103,1
2020-01-02 10:02:42,6.48,4636.000,3006496.000,6.49,6.5,6.51,6.52,6.53,4150,15627,2514,3909,1616,6.48,6.47,6.46,6.45,6.44,411,2536,2603,2282,81,1
2020-01-02 10:02:45,6.49,1788.000,1160256.000,6.49,6.5,6.51,6.52,6.53,2530,15402,2514,3909,1616,6.48,6.47,6.46,6.45,6.44,393,2620,1258,2282,112,1
2020-01-02 10:02:48,6.5,2837.000,1841152.000,6.5,6.51,6.52,6.53,6.54,15226,2514,3909,1616,3486,6.49,6.48,6.47,6.46,6.45,631,422,1914,1057,2247,1
2020-01-02 10:02:51,6.5,1191.000,773952.000,6.5,6.51,6.52,6.53,6.54,14114,2514,3909,1616,3476,6.49,6.48,6.47,6.46,6.45,1645,323,1731,1057,2247,1
2020-01-02 10:02:54,6.5,5280.000,3430336.000,6.5,6.51,6.52,6.53,6.54,10755,2265,3866,1616,3476,6.49,6.48,6.47,6.46,6.45,34,336,812,1067,2247,1
