Time,Price,Volume,Amount,SP1,SP2,SP3,SP4,SP5,SV1,SV2,SV3,SV4,SV5,BP1,BP2,BP3,BP4,BP5,BV1,BV2,BV3,BV4,BV5,isBuy
2020-01-02 09:19:12,23.1,0.000,0.000,23.1,0,0,0,0,13,25,0,0,0,23.1,0,0,0,0,13,0,0,0,0,1
2020-01-02 09:19:39,23.1,0.000,0.000,23.1,0,0,0,0,13,27,0,0,0,23.1,0,0,0,0,13,0,0,0,0,1
2020-01-02 09:19:57,23.1,0.000,0.000,23.1,0,0,0,0,23,21,0,0,0,23.1,0,0,0,0,23,0,0,0,0,1
2020-01-02 09:21:03,23.1,0.000,0.000,23.1,0,0,0,0,23,23,0,0,0,23.1,0,0,0,0,23,0,0,0,0,1
2020-01-02 09:21:31,23.1,0.000,0.000,23.1,0,0,0,0,23,26,0,0,0,23.1,0,0,0,0,23,0,0,0,0,1
2020-01-02 09:21:39,23.1,0.000,0.000,23.1,0,0,0,0,23,46,0,0,0,23.1,0,0,0,0,23,0,0,0,0,1
2020-01-02 09:21:48,23.1,0.000,0.000,23.1,0,0,0,0,23,51,0,0,0,23.1,0,0,0,0,23,0,0,0,0,1
2020-01-02 09:21:57,23.05,0.000,0.000,23.05,0,0,0,0,23,1,0,0,0,23.05,0,0,0,0,23,0,0,0,0,0
2020-01-02 09:22:06,23,0.000,0.000,23,0,0,0,0,23,8,0,0,0,23,0,0,0,0,23,0,0,0,0,0
2020-01-02 09:22:15,22.97,0.000,0.000,22.97,0,0,0,0,23,3,0,0,0,22.97,0,0,0,0,23,0,0,0,0,0
2020-01-02 09:22:33,22.97,0.000,0.000,22.97,0,0,0,0,23,8,0,0,0,22.97,0,0,0,0,23,0,0,0,0,1
2020-01-02 09:22:51,22.97,0.000,0.000,22.97,0,0,0,0,23,10,0,0,0,22.97,0,0,0,0,23,0,0,0,0,1
2020-01-02 09:23:09,22.97,0.000,0.000,22.97,0,0,0,0,23,12,0,0,0,22.97,0,0,0,0,23,0,0,0,0,1
2020-01-02 09:23:27,22.97,0.000,0.000,22.97,0,0,0,0,23,21,0,0,0,22.97,0,0,0,0,23,0,0,0,0,1
2020-01-02 09:23:36,22.83,0.000,0.000,22.83,0,0,0,0,23,6,0,0,0,22.83,0,0,0,0,23,0,0,0,0,0
2020-01-02 09:24:13,22.6,0.000,0.000,22.6,0,0,0,0,23,2,0,0,0,22.6,0,0,0,0,23,0,0,0,0,0
2020-01-02 09:24:40,22.61,0.000,0.000,22.61,0,0,0,0,25,0,0,0,0,22.61,0,0,0,0,25,18,0,0,0,1
2020-01-02 09:24:49,22.65,0.000,0.000,22.65,0,0,0,0,25,0,0,0,0,22.65,0,0,0,0,25,4,0,0,0,1
2020-01-02 09:25:04,22.65,25.000,56625.000,22.78,22.79,22.83,22.85,22.9,1,1,12,2,6,22.65,22.61,22.6,22.37,22.31,4,20,5,2,1,1
2020-01-02 09:30:03,22.64,16.000,36275.000,22.85,22.9,22.91,22.93,22.94,12,23,5,2,2,22.62,22.61,22.6,22.52,22.5,140,21,1,1,1,0
2020-01-02 09:30:06,22.64,0.000,0.000,22.85,22.9,22.91,22.93,22.94,12,23,5,2,2,22.8,22.78,22.66,22.65,22.62,5,22,1,2,140,0
2020-01-02 09:30:09,22.64,0.000,0.000,22.85,22.9,22.91,22.93,22.94,12,23,5,2,2,22.8,22.78,22.66,22.65,22.62,5,22,1,2,140,0
2020-01-02 09:30:12,22.64,0.000,0.000,22.85,22.9,22.91,22.93,22.94,12,25,5,2,2,22.8,22.78,22.66,22.65,22.62,5,32,1,3,140,0
2020-01-02 09:30:15,22.64,0.000,0.000,22.85,22.9,22.91,22.93,22.94,12,25,5,2,2,22.8,22.78,22.66,22.65,22.62,5,32,1,1,140,0
2020-01-02 09:30:17,22.64,0.000,0.000,22.85,22.9,22.91,22.93,22.94,12,25,5,2,2,22.8,22.78,22.66,22.65,22.62,5,32,1,1,140,0
2020-01-02 09:30:19,22.64,0.000,0.000,22.85,22.9,22.91,22.93,22.94,28,25,5,2,2,22.8,22.78,22.66,22.65,22.62,5,32,1,1,140,0
2020-01-02 09:30:21,22.8,4.000,9120.000,22.85,22.9,22.91,22.93,22.94,28,25,5,2,2,22.8,22.78,22.66,22.65,22.62,1,32,1,1,140,1
2020-01-02 09:30:24,22.8,0.000,0.000,22.85,22.9,22.91,22.93,22.94,28,25,5,2,2,22.8,22.78,22.75,22.66,22.65,9,32,3,1,1,0
2020-01-02 09:30:30,22.85,28.000,63980.000,22.9,22.91,22.93,22.94,22.95,25,5,2,2,3,22.85,22.8,22.78,22.75,22.66,72,9,32,3,1,1
2020-01-02 09:30:33,22.85,25.000,57125.000,22.9,22.91,22.93,22.94,22.95,25,5,2,2,3,22.85,22.8,22.78,22.75,22.66,47,9,32,3,1,0
2020-01-02 09:30:39,22.85,0.000,0.000,22.9,22.91,22.93,22.94,22.95,25,6,2,2,3,22.85,22.8,22.78,22.75,22.66,47,9,32,3,1,0
2020-01-02 09:30:45,22.85,0.000,0.000,22.9,22.91,22.93,22.94,22.95,27,6,2,2,3,22.86,22.85,22.8,22.78,22.75,1,47,9,32,3,0
2020-01-02 09:30:48,22.9,38.000,86941.000,22.9,22.91,22.93,22.94,22.95,5,6,2,2,3,22.85,22.8,22.78,22.75,22.66,32,9,32,3,1,1
2020-01-02 09:30:51,22.9,0.000,0.000,22.89,22.9,22.91,22.93,22.94,15,5,6,2,2,22.85,22.8,22.78,22.75,22.66,32,9,32,3,1,1
2020-01-02 09:30:57,22.85,32.000,73120.000,22.88,22.89,22.9,22.91,22.93,2,15,10,6,2,22.8,22.78,22.75,22.66,22.65,9,32,3,1,1,0
2020-01-02 09:31:06,22.84,10.000,22804.000,22.84,22.85,22.88,22.89,22.9,14,30,2,15,13,22.78,22.75,22.66,22.65,22.62,32,3,1,1,140,0
2020-01-02 09:31:15,22.78,32.000,72896.000,22.78,22.82,22.84,22.85,22.88,28,5,19,30,2,22.75,22.66,22.65,22.62,22.61,3,1,1,140,21,0
2020-01-02 09:31:18,22.78,46.000,104788.000,22.82,22.83,22.84,22.85,22.87,5,5,19,30,30,22.78,22.75,22.66,22.65,22.62,114,3,1,1,140,1
2020-01-02 09:31:21,22.78,4.000,9112.000,22.82,22.83,22.84,22.85,22.87,5,5,25,30,30,22.78,22.75,22.7,22.65,22.62,110,3,1,1,140,0
2020-01-02 09:31:24,22.78,21.000,47838.000,22.82,22.83,22.84,22.85,22.87,6,5,22,32,30,22.78,22.75,22.7,22.65,22.61,89,3,1,1,21,0
2020-01-02 09:31:42,22.78,39.000,88842.000,22.79,22.8,22.82,22.83,22.84,13,44,9,8,12,22.78,22.75,22.7,22.65,22.61,50,3,1,1,21,0
2020-01-02 09:31:45,22.79,5.000,11395.000,22.79,22.8,22.82,22.83,22.84,8,44,9,8,12,22.78,22.75,22.7,22.65,22.61,60,3,1,1,21,1
2020-01-02 09:31:48,22.79,3.000,6837.000,22.79,22.8,22.82,22.83,22.84,5,44,9,8,12,22.78,22.75,22.7,22.65,22.61,60,3,1,1,21,1
2020-01-02 09:31:51,22.78,23.000,52394.000,22.79,22.8,22.82,22.83,22.84,5,44,9,8,12,22.78,22.75,22.7,22.65,22.61,37,3,1,1,21,0
2020-01-02 09:31:54,22.78,5.000,11390.000,22.79,22.8,22.82,22.83,22.84,5,44,9,8,12,22.78,22.75,22.7,22.65,22.61,34,3,1,1,31,0
2020-01-02 09:31:57,22.78,3.000,6834.000,22.79,22.8,22.82,22.83,22.84,5,44,9,8,12,22.78,22.75,22.7,22.65,22.61,31,3,1,1,31,0
2020-01-02 09:32:00,22.78,1.000,2278.000,22.79,22.8,22.82,22.83,22.84,5,43,9,8,12,22.78,22.75,22.7,22.65,22.61,30,3,1,1,31,0
2020-01-02 09:32:03,22.78,30.000,68340.000,22.78,22.79,22.8,22.82,22.83,22,5,42,9,8,22.75,22.7,22.65,22.62,22.61,3,1,1,2,31,0
2020-01-02 09:32:15,22.75,3.000,6825.000,22.75,22.77,22.78,22.8,22.82,100,5,71,42,9,22.7,22.65,22.62,22.61,22.6,1,1,2,31,2,0
2020-01-02 09:32:18,22.7,1.000,2270.000,22.74,22.75,22.78,22.8,22.82,1,100,71,42,9,22.65,22.62,22.61,22.6,22.52,1,2,31,2,1,0
2020-01-02 09:32:42,22.7,2.000,4540.000,22.7,22.74,22.75,22.78,22.8,48,3,100,24,42,22.65,22.62,22.61,22.6,22.52,1,3,31,2,1,1
2020-01-02 09:33:15,22.61,46.000,104115.000,22.7,22.74,22.75,22.78,22.8,46,2,100,24,42,22.61,22.6,22.52,22.51,22.5,8,2,1,58,1,0
2020-01-02 09:33:21,22.61,8.000,18088.000,22.61,22.65,22.7,22.74,22.75,22,3,46,5,100,22.6,22.52,22.51,22.5,22.47,2,1,58,1,3,0
2020-01-02 09:33:24,22.61,22.000,49742.000,22.65,22.7,22.74,22.75,22.78,3,46,5,100,24,22.6,22.52,22.51,22.5,22.47,2,1,58,1,3,1
2020-01-02 09:33:27,22.6,2.000,4520.000,22.6,22.65,22.7,22.74,22.75,8,3,46,5,100,22.52,22.51,22.5,22.47,22.42,1,58,1,3,48,0
2020-01-02 09:33:30,22.5,2.000,4502.000,22.5,22.6,22.65,22.7,22.74,98,8,3,46,5,22.47,22.42,22.4,22.38,22.37,3,48,5,5,7,0
2020-01-02 09:33:42,22.5,3.000,6750.000,22.5,22.6,22.65,22.68,22.74,95,8,3,7,2,22.47,22.42,22.4,22.38,22.37,3,48,5,5,7,1
2020-01-02 09:33:48,22.5,60.000,135000.000,22.5,22.6,22.65,22.68,22.74,35,8,3,7,2,22.47,22.42,22.4,22.38,22.37,3,48,5,5,7,1
2020-01-02 09:33:51,22.5,3.000,6750.000,22.5,22.6,22.65,22.68,22.74,32,8,3,7,2,22.47,22.42,22.4,22.38,22.37,3,48,5,5,7,1
2020-01-02 09:33:54,22.5,31.000,69750.000,22.49,22.5,22.6,22.65,22.68,131,1,8,3,7,22.47,22.42,22.4,22.38,22.37,3,48,5,5,7,1
2020-01-02 09:33:57,22.49,47.000,105703.000,22.49,22.5,22.6,22.65,22.68,84,47,8,3,7,22.47,22.43,22.42,22.4,22.38,3,1,48,5,5,0
2020-01-02 09:34:00,22.49,24.000,53970.000,22.49,22.5,22.6,22.65,22.68,63,47,8,3,7,22.43,22.42,22.4,22.38,22.37,1,48,5,5,7,1
2020-01-02 09:34:09,22.43,1.000,2243.000,22.43,22.49,22.5,22.6,22.65,7,63,77,8,3,22.42,22.4,22.38,22.37,22.32,50,5,5,7,2,0
2020-01-02 09:34:15,22.43,4.000,8972.000,22.43,22.47,22.49,22.5,22.6,26,8,63,31,8,22.42,22.4,22.38,22.37,22.32,50,5,5,7,2,1
2020-01-02 09:34:18,22.42,6.000,13452.000,22.43,22.47,22.49,22.5,22.6,27,8,63,31,8,22.42,22.4,22.38,22.37,22.32,44,8,5,7,2,0
2020-01-02 09:34:21,22.43,22.000,49346.000,22.43,22.47,22.49,22.5,22.6,5,8,63,31,8,22.42,22.4,22.38,22.37,22.32,44,8,5,7,2,1
2020-01-02 09:34:24,22.43,5.000,11215.000,22.47,22.49,22.5,22.6,22.65,8,63,1,8,3,22.43,22.42,22.4,22.38,22.37,3,44,58,5,7,1
2020-01-02 09:34:39,22.42,59.000,132296.000,22.42,22.43,22.47,22.49,22.6,17,3,21,63,8,22.4,22.38,22.37,22.33,22.32,58,5,7,2,2,0
2020-01-02 09:34:42,22.42,1.000,2242.000,22.42,22.43,22.47,22.49,22.6,16,3,21,63,8,22.4,22.38,22.37,22.33,22.32,58,5,7,2,2,1
2020-01-02 09:34:45,22.42,10.000,22420.000,22.42,22.43,22.47,22.49,22.6,14,3,21,63,8,22.4,22.38,22.37,22.33,22.32,58,5,7,2,2,1
2020-01-02 09:34:48,22.42,11.000,24660.000,22.42,22.43,22.47,22.49,22.6,4,3,21,63,8,22.41,22.4,22.38,22.37,22.36,1,57,5,7,2,1
2020-01-02 09:34:51,22.43,5.000,11211.000,22.43,22.47,22.49,22.6,22.65,2,21,63,8,3,22.41,22.4,22.38,22.37,22.36,1,58,5,7,2,1
2020-01-02 09:34:57,22.43,1.000,2243.000,22.43,22.47,22.49,22.6,22.65,1,13,63,8,3,22.41,22.4,22.38,22.37,22.36,1,58,5,7,2,1
2020-01-02 09:35:06,22.43,1.000,2243.000,22.47,22.49,22.6,22.65,22.68,40,63,8,3,7,22.42,22.41,22.4,22.38,22.37,10,22,63,7,7,1
2020-01-02 09:35:09,22.42,5.000,11210.000,22.47,22.49,22.6,22.65,22.68,41,63,8,3,7,22.43,22.42,22.41,22.4,22.38,9,5,22,63,12,0
2020-01-02 09:35:12,22.47,1.000,2247.000,22.47,22.49,22.6,22.65,22.68,40,63,8,3,7,22.43,22.42,22.41,22.4,22.38,62,7,21,63,12,1
2020-01-02 09:35:36,22.47,4.000,8988.000,22.47,22.49,22.6,22.65,22.68,36,63,13,3,7,22.45,22.44,22.43,22.42,22.41,1,13,66,7,22,1
2020-01-02 09:35:42,22.45,7.000,15727.000,22.45,22.47,22.49,22.6,22.65,16,30,63,13,3,22.44,22.43,22.42,22.41,22.4,13,66,7,22,63,0
2020-01-02 09:35:45,22.45,11.000,24695.000,22.45,22.47,22.49,22.6,22.65,5,30,63,13,3,22.44,22.43,22.42,22.41,22.4,13,66,7,22,63,1
2020-01-02 09:35:51,22.45,2.000,4490.000,22.45,22.47,22.49,22.6,22.65,3,30,63,13,3,22.44,22.43,22.42,22.41,22.4,13,66,7,22,63,1
2020-01-02 09:35:54,22.45,1.000,2245.000,22.45,22.47,22.49,22.6,22.65,2,30,63,13,3,22.44,22.43,22.42,22.41,22.4,13,66,7,22,63,1
2020-01-02 09:36:00,22.45,13.000,29185.000,22.45,22.47,22.49,22.6,22.65,11,30,63,13,3,22.44,22.43,22.42,22.41,22.4,13,66,7,22,63,1
2020-01-02 09:36:03,22.45,11.000,24695.000,22.47,22.49,22.6,22.65,22.68,30,63,5,3,7,22.45,22.44,22.43,22.42,22.41,4,13,66,7,22,1
2020-01-02 09:36:15,22.45,15.000,33687.000,22.47,22.49,22.6,22.65,22.68,25,63,5,3,7,22.46,22.45,22.44,22.43,22.42,7,13,18,66,7,0
2020-01-02 09:36:27,22.47,1.000,2247.000,22.47,22.6,22.65,22.68,22.74,24,5,3,7,11,22.46,22.45,22.44,22.43,22.42,7,12,15,66,7,1
2020-01-02 09:36:30,22.46,6.000,13476.000,22.47,22.6,22.65,22.68,22.74,24,5,3,7,11,22.46,22.45,22.44,22.43,22.42,1,12,15,15,7,0
2020-01-02 09:36:36,22.47,24.000,53928.000,22.6,22.65,22.68,22.74,22.75,5,3,7,11,100,22.47,22.46,22.45,22.44,22.43,38,1,15,15,13,1
2020-01-02 09:36:39,22.47,6.000,13482.000,22.6,22.65,22.68,22.74,22.75,5,3,7,11,100,22.47,22.46,22.45,22.44,22.43,32,1,15,15,13,0
2020-01-02 09:36:51,22.6,5.000,11300.000,22.65,22.68,22.74,22.75,22.78,3,7,11,100,3,22.6,22.48,22.47,22.46,22.45,14,20,52,4,15,1
2020-01-02 09:36:54,22.6,3.000,6780.000,22.65,22.68,22.74,22.75,22.78,4,7,11,100,3,22.6,22.48,22.47,22.46,22.45,11,20,52,4,15,0
2020-01-02 09:36:57,22.6,11.000,24860.000,22.64,22.65,22.68,22.74,22.75,1,4,7,10,100,22.48,22.47,22.46,22.45,22.44,20,52,4,15,15,0
2020-01-02 09:37:03,22.6,2.000,4520.000,22.64,22.65,22.68,22.74,22.75,1,4,7,10,100,22.6,22.48,22.47,22.46,22.45,8,20,52,4,15,0
2020-01-02 09:37:07,22.48,10.000,22576.000,22.6,22.64,22.65,22.68,22.74,1,1,4,7,10,22.48,22.47,22.46,22.45,22.44,18,52,4,15,15,0
2020-01-02 09:37:09,22.65,5.000,11318.000,22.65,22.68,22.74,22.75,22.78,1,7,53,100,3,22.64,22.48,22.47,22.46,22.45,2,18,52,4,15,1
2020-01-02 09:37:16,22.48,12.000,27012.000,22.65,22.68,22.74,22.75,22.78,1,7,53,100,3,22.48,22.47,22.46,22.45,22.44,10,52,4,15,15,0
2020-01-02 09:37:27,22.5,3.000,6750.000,22.65,22.68,22.74,22.75,22.78,1,27,78,100,3,22.5,22.48,22.47,22.46,22.45,3,20,52,4,15,1
2020-01-02 09:37:30,22.5,5.000,11290.000,22.64,22.65,22.68,22.74,22.75,5,1,27,78,100,22.51,22.5,22.48,22.47,22.46,1,2,20,52,4,0
2020-01-02 09:37:57,22.58,20.000,45110.000,22.58,22.64,22.65,22.68,22.73,10,5,1,20,11,22.51,22.5,22.48,22.47,22.46,3,13,30,32,4,1
2020-01-02 09:38:01,22.68,20.000,45237.000,22.68,22.73,22.74,22.75,22.79,16,11,78,100,2,22.58,22.51,22.5,22.48,22.47,1,3,13,30,32,1
2020-01-02 09:38:39,22.68,21.000,47598.000,22.68,22.72,22.73,22.74,22.75,44,20,11,78,100,22.58,22.55,22.52,22.51,22.5,28,5,11,2,88,1
2020-01-02 09:38:42,22.58,3.000,6774.000,22.68,22.72,22.73,22.74,22.75,44,20,11,78,100,22.6,22.58,22.55,22.52,22.51,5,25,5,11,2,0
2020-01-02 09:38:45,22.6,3.000,6780.000,22.68,22.72,22.73,22.74,22.75,52,20,11,80,100,22.6,22.58,22.55,22.52,22.5,2,25,5,11,88,1
2020-01-02 09:38:48,22.6,2.000,4520.000,22.6,22.67,22.68,22.72,22.73,1,2,52,20,11,22.58,22.55,22.52,22.5,22.48,25,5,11,88,22,0
2020-01-02 09:38:54,22.58,5.000,11290.000,22.67,22.68,22.7,22.72,22.73,2,65,34,20,11,22.58,22.55,22.52,22.5,22.48,20,5,11,88,22,0
2020-01-02 09:38:57,22.58,3.000,6774.000,22.67,22.68,22.7,22.72,22.73,2,65,34,20,11,22.58,22.55,22.52,22.5,22.48,17,5,11,88,22,0
2020-01-02 09:39:00,22.6,1.000,2260.000,22.67,22.68,22.7,22.72,22.73,2,65,34,20,11,22.6,22.58,22.55,22.52,22.5,1,17,5,11,88,1
2020-01-02 09:39:03,22.58,3.000,6776.000,22.65,22.67,22.68,22.7,22.72,8,2,65,34,20,22.58,22.55,22.52,22.5,22.48,15,5,11,88,22,0
2020-01-02 09:39:24,22.58,4.000,9032.000,22.65,22.67,22.68,22.72,22.73,9,2,65,20,11,22.58,22.55,22.52,22.5,22.48,16,5,11,93,22,0
2020-01-02 09:39:33,22.58,6.000,13558.000,22.65,22.67,22.68,22.72,22.73,8,2,65,20,11,22.58,22.55,22.52,22.5,22.48,15,5,20,84,22,0
2020-01-02 09:39:42,22.58,13.000,29354.000,22.65,22.67,22.68,22.72,22.73,8,2,65,20,11,22.58,22.55,22.52,22.5,22.48,2,5,20,84,22,0
2020-01-02 09:39:45,22.58,2.000,4516.000,22.58,22.65,22.67,22.68,22.72,8,8,2,65,20,22.55,22.52,22.5,22.48,22.47,5,20,84,22,32,0
2020-01-02 09:40:00,22.58,1.000,2258.000,22.58,22.65,22.67,22.68,22.72,7,8,2,65,20,22.55,22.52,22.5,22.48,22.47,5,24,89,22,32,1
2020-01-02 09:40:06,22.58,2.000,4516.000,22.58,22.65,22.67,22.68,22.72,5,8,2,65,20,22.55,22.52,22.5,22.48,22.47,5,24,89,22,32,1
2020-01-02 09:40:12,22.55,2.000,4510.000,22.58,22.65,22.67,22.68,22.72,5,8,2,65,20,22.55,22.52,22.5,22.48,22.47,3,33,89,22,32,0
2020-01-02 09:40:18,22.58,7.000,15800.000,22.58,22.65,22.67,22.68,22.72,6,8,2,65,20,22.55,22.52,22.5,22.48,22.47,1,33,89,22,32,1
2020-01-02 09:40:45,22.58,5.000,11290.000,22.58,22.65,22.67,22.68,22.72,7,8,14,45,20,22.57,22.55,22.53,22.52,22.5,14,11,5,33,89,1
2020-01-02 09:40:48,22.57,1.000,2257.000,22.58,22.65,22.67,22.68,22.72,7,8,14,45,20,22.57,22.55,22.53,22.52,22.5,13,11,5,33,89,0
2020-01-02 09:40:54,22.57,12.000,27084.000,22.58,22.64,22.65,22.67,22.68,7,15,8,14,45,22.57,22.55,22.53,22.52,22.5,1,11,5,33,89,0
2020-01-02 09:41:03,22.57,1.000,2257.000,22.57,22.58,22.64,22.65,22.67,11,7,15,8,14,22.55,22.53,22.52,22.5,22.48,11,5,33,84,22,0
2020-01-02 09:41:07,22.57,4.000,9028.000,22.57,22.58,22.64,22.65,22.67,20,7,15,8,14,22.55,22.53,22.52,22.5,22.48,11,5,33,84,22,1
2020-01-02 09:41:21,22.57,10.000,22570.000,22.57,22.58,22.64,22.65,22.67,9,7,15,8,14,22.55,22.53,22.52,22.5,22.48,67,5,33,84,22,1
2020-01-02 09:41:24,22.58,16.000,36119.000,22.64,22.65,22.67,22.68,22.72,15,8,14,33,20,22.58,22.55,22.53,22.52,22.5,4,67,5,33,84,1
2020-01-02 09:41:39,22.58,4.000,9032.000,22.58,22.64,22.65,22.67,22.68,38,25,8,14,33,22.55,22.53,22.52,22.5,22.48,67,5,33,86,22,0
2020-01-02 09:41:45,22.58,10.000,22580.000,22.58,22.64,22.65,22.67,22.68,28,25,8,14,33,22.55,22.53,22.52,22.5,22.48,67,5,33,86,22,1
2020-01-02 09:41:51,22.58,5.000,11290.000,22.58,22.64,22.65,22.67,22.68,23,25,8,14,33,22.55,22.53,22.52,22.5,22.48,67,5,33,86,22,1
2020-01-02 09:42:00,22.58,23.000,51934.000,22.64,22.65,22.67,22.68,22.72,25,8,14,33,20,22.56,22.55,22.53,22.52,22.5,8,67,5,33,86,1
2020-01-02 09:42:12,22.58,10.000,22580.000,22.64,22.65,22.67,22.68,22.72,25,8,14,33,23,22.58,22.57,22.56,22.55,22.53,15,6,8,67,5,0
2020-01-02 09:42:30,22.64,1.000,2264.000,22.64,22.65,22.67,22.68,22.72,46,8,14,33,20,22.59,22.58,22.57,22.56,22.55,5,15,6,8,67,1
2020-01-02 09:42:45,22.59,5.000,11295.000,22.59,22.64,22.65,22.67,22.68,2,44,8,14,33,22.58,22.57,22.56,22.55,22.53,15,6,8,67,5,0
2020-01-02 09:42:48,22.64,34.000,76966.000,22.64,22.65,22.67,22.68,22.72,12,8,14,33,20,22.58,22.57,22.56,22.55,22.53,15,6,8,67,5,1
2020-01-02 09:43:00,22.64,5.000,11320.000,22.64,22.65,22.67,22.68,22.72,7,8,14,33,20,22.59,22.58,22.57,22.56,22.55,9,10,6,8,67,1
2020-01-02 09:43:06,22.67,31.000,70160.000,22.67,22.68,22.72,22.73,22.74,8,33,20,11,71,22.58,22.57,22.56,22.55,22.53,10,6,8,67,5,1
2020-01-02 09:43:09,22.59,1.000,2259.000,22.67,22.68,22.72,22.73,22.74,10,33,20,11,71,22.64,22.58,22.57,22.56,22.55,4,10,6,8,67,0
2020-01-02 09:43:18,22.64,9.000,20391.000,22.67,22.68,22.72,22.73,22.74,5,33,20,11,71,22.58,22.57,22.56,22.55,22.54,10,6,8,67,32,1
2020-01-02 09:43:27,22.67,1.000,2267.000,22.67,22.68,22.71,22.72,22.73,2,33,30,20,11,22.6,22.58,22.57,22.56,22.55,21,10,6,8,67,1
2020-01-02 09:44:00,22.67,3.000,6824.000,22.68,22.71,22.72,22.73,22.74,33,30,20,31,71,22.67,22.61,22.58,22.57,22.56,40,2,50,8,12,1
2020-01-02 09:44:03,22.67,6.000,13602.000,22.68,22.71,22.72,22.73,22.74,33,30,20,31,71,22.67,22.66,22.61,22.6,22.58,34,26,2,7,50,0
2020-01-02 09:44:06,22.67,13.000,29471.000,22.68,22.71,22.72,22.73,22.74,33,30,20,31,68,22.67,22.66,22.61,22.6,22.58,21,26,2,7,50,0
2020-01-02 09:44:09,22.67,22.000,49851.000,22.67,22.68,22.71,22.72,22.73,6,33,30,20,31,22.66,22.61,22.6,22.58,22.57,26,2,7,50,8,0
2020-01-02 09:44:16,22.66,3.000,6798.000,22.67,22.68,22.71,22.72,22.73,9,33,30,20,31,22.66,22.61,22.6,22.58,22.57,23,2,7,50,8,0
2020-01-02 09:44:19,22.66,12.000,27201.000,22.67,22.68,22.71,22.72,22.73,0,33,30,20,31,22.66,22.61,22.6,22.58,22.57,20,2,7,10,8,0
2020-01-02 09:44:22,22.66,4.000,9064.000,22.67,22.68,22.71,22.72,22.73,1,33,30,20,31,22.66,22.61,22.6,22.58,22.57,16,2,7,10,8,0
2020-01-02 09:44:25,22.66,16.000,36256.000,22.66,22.67,22.68,22.71,22.72,7,1,33,30,20,22.61,22.6,22.58,22.57,22.56,2,7,10,8,12,0
2020-01-02 09:44:30,22.61,2.000,4522.000,22.61,22.66,22.67,22.68,22.71,2,16,1,33,30,22.6,22.58,22.57,22.56,22.55,7,10,8,12,67,0
2020-01-02 09:44:36,22.6,3.000,6780.000,22.66,22.67,22.68,22.71,22.72,16,1,33,30,20,22.6,22.58,22.57,22.56,22.55,4,10,8,12,67,0
2020-01-02 09:44:39,22.6,2.000,4520.000,22.66,22.67,22.68,22.71,22.72,16,1,33,30,20,22.6,22.58,22.57,22.56,22.55,2,10,8,12,67,0
2020-01-02 09:44:42,22.66,16.000,36256.000,22.67,22.68,22.71,22.72,22.73,1,33,30,20,31,22.66,22.6,22.58,22.57,22.56,4,2,10,8,12,1
2020-01-02 09:44:54,22.67,5.000,11331.000,22.67,22.68,22.71,22.72,22.73,0,33,30,20,31,22.61,22.6,22.58,22.57,22.56,19,2,10,8,12,1
2020-01-02 09:45:00,22.61,4.000,9044.000,22.67,22.68,22.71,22.72,22.73,20,33,30,20,31,22.61,22.6,22.58,22.57,22.56,15,46,10,8,12,0
2020-01-02 09:45:03,22.61,2.000,4522.000,22.67,22.68,22.71,22.72,22.73,20,33,30,20,31,22.61,22.6,22.58,22.57,22.56,13,46,10,8,12,0
2020-01-02 09:46:06,22.62,7.000,15834.000,22.67,22.68,22.71,22.72,22.73,21,35,30,20,31,22.62,22.61,22.6,22.58,22.57,1,13,104,10,8,1
2020-01-02 09:46:15,22.67,5.000,11335.000,22.67,22.68,22.71,22.72,22.73,16,35,30,20,31,22.62,22.61,22.6,22.58,22.57,5,13,104,10,8,1
2020-01-02 09:47:00,22.65,1.000,2265.000,22.65,22.66,22.67,22.68,22.71,4,9,18,35,30,22.62,22.61,22.6,22.58,22.57,10,17,114,10,8,0
2020-01-02 09:47:03,22.65,1.000,2265.000,22.65,22.66,22.67,22.68,22.71,3,9,18,35,30,22.62,22.61,22.6,22.58,22.57,10,17,114,10,8,1
2020-01-02 09:47:18,22.65,2.000,4530.000,22.65,22.66,22.67,22.68,22.71,1,9,18,29,33,22.62,22.61,22.6,22.58,22.57,110,17,124,10,8,1
2020-01-02 09:47:30,22.65,8.000,18120.000,22.65,22.66,22.67,22.68,22.71,3,9,18,29,33,22.62,22.61,22.6,22.58,22.57,110,17,124,10,8,1
2020-01-02 09:47:39,22.65,1.000,2265.000,22.65,22.66,22.67,22.68,22.71,2,9,18,29,33,22.62,22.61,22.6,22.58,22.57,110,17,124,10,8,1
2020-01-02 09:47:48,22.65,2.000,4530.000,22.66,22.67,22.68,22.71,22.72,9,18,29,33,20,22.62,22.61,22.6,22.58,22.57,110,17,124,15,8,1
2020-01-02 09:47:54,22.66,5.000,11330.000,22.66,22.67,22.68,22.71,22.72,4,18,29,33,20,22.65,22.62,22.61,22.6,22.58,78,110,13,124,15,1
2020-01-02 09:48:03,22.66,4.000,9064.000,22.67,22.68,22.71,22.72,22.73,18,29,33,20,31,22.66,22.65,22.62,22.61,22.6,6,78,110,13,124,1
2020-01-02 09:48:06,22.66,3.000,6798.000,22.67,22.68,22.71,22.72,22.73,18,29,33,20,31,22.66,22.65,22.62,22.61,22.6,3,78,110,13,124,0
2020-01-02 09:48:18,22.67,19.000,43095.000,22.68,22.71,22.72,22.73,22.74,29,33,20,31,25,22.67,22.66,22.62,22.61,22.6,40,6,110,13,124,1
2020-01-02 09:48:27,22.68,29.000,65772.000,22.71,22.72,22.73,22.74,22.75,33,20,31,25,100,22.68,22.67,22.66,22.62,22.61,11,40,6,110,13,1
2020-01-02 09:48:52,22.71,30.000,68130.000,22.72,22.73,22.74,22.75,22.79,20,31,25,100,2,22.71,22.68,22.67,22.66,22.62,48,13,40,4,110,1
2020-01-02 09:48:54,22.72,2.000,4544.000,22.72,22.73,22.74,22.75,22.79,18,31,25,100,2,22.71,22.68,22.67,22.66,22.62,48,13,40,4,110,1
2020-01-02 09:48:57,22.72,10.000,22720.000,22.72,22.73,22.74,22.75,22.79,8,31,25,100,2,22.71,22.68,22.67,22.66,22.62,48,13,40,4,110,1
2020-01-02 09:49:03,22.72,8.000,18176.000,22.73,22.74,22.75,22.79,22.8,31,25,100,2,2,22.71,22.68,22.67,22.62,22.61,48,13,40,110,13,1
2020-01-02 09:49:18,22.73,5.000,11365.000,22.73,22.74,22.75,22.79,22.8,26,25,100,2,2,22.72,22.68,22.67,22.62,22.61,5,13,40,10,13,1
2020-01-02 09:49:21,22.72,5.000,11360.000,22.72,22.73,22.74,22.75,22.79,5,26,25,100,2,22.69,22.68,22.67,22.62,22.61,4,13,40,10,13,0
2020-01-02 09:49:24,22.72,5.000,11360.000,22.73,22.74,22.75,22.79,22.8,26,25,100,2,2,22.71,22.69,22.68,22.67,22.62,25,4,13,40,10,1
2020-01-02 09:49:33,22.71,2.000,4542.000,22.73,22.74,22.75,22.79,22.8,26,25,100,5,2,22.71,22.69,22.68,22.67,22.62,23,4,11,40,10,0
2020-01-02 09:49:45,22.73,16.000,36364.000,22.73,22.74,22.75,22.79,22.8,15,25,100,5,2,22.71,22.69,22.68,22.67,22.62,28,4,11,40,10,1
2020-01-02 09:49:48,22.71,28.000,63588.000,22.71,22.73,22.74,22.75,22.79,2,15,25,100,5,22.69,22.68,22.67,22.62,22.61,4,11,40,10,13,0
2020-01-02 09:49:57,22.71,3.000,6813.000,22.73,22.74,22.75,22.79,22.8,15,25,100,5,2,22.71,22.69,22.68,22.67,22.62,97,4,11,40,10,1
2020-01-02 09:50:03,22.71,9.000,20441.000,22.73,22.74,22.75,22.79,22.8,14,25,100,5,2,22.71,22.69,22.68,22.67,22.62,89,4,11,40,10,0
2020-01-02 09:50:15,22.73,14.000,31822.000,22.74,22.75,22.79,22.8,22.82,25,100,5,2,4,22.73,22.71,22.69,22.68,22.67,34,89,4,11,40,1
2020-01-02 09:50:30,22.74,2.000,4548.000,22.74,22.75,22.77,22.79,22.8,23,100,3,5,2,22.73,22.71,22.69,22.68,22.67,43,89,4,11,40,1
2020-01-02 09:50:36,22.73,10.000,22730.000,22.74,22.75,22.77,22.79,22.8,23,100,3,5,2,22.73,22.71,22.69,22.68,22.67,33,89,4,11,40,0
2020-01-02 09:50:39,22.74,24.000,54576.000,22.75,22.77,22.79,22.8,22.82,100,3,5,2,4,22.73,22.69,22.68,22.67,22.66,43,4,11,40,10,1
2020-01-02 09:50:48,22.75,106.000,241138.000,22.75,22.77,22.79,22.8,22.82,0,3,5,2,4,22.73,22.69,22.68,22.67,22.66,13,4,11,40,10,1
2020-01-02 09:50:52,22.75,1.000,1615.000,22.77,22.79,22.8,22.82,22.83,3,5,2,4,5,22.75,22.74,22.73,22.69,22.68,16,21,13,4,11,1
2020-01-02 09:51:00,22.77,3.000,6831.000,22.79,22.8,22.82,22.83,22.84,2,2,4,5,2,22.77,22.75,22.74,22.73,22.68,21,16,21,13,11,1
2020-01-02 09:51:03,22.79,1.000,2279.000,22.79,22.8,22.82,22.83,22.84,1,2,4,5,2,22.77,22.75,22.74,22.73,22.68,31,1,21,13,11,1
2020-01-02 09:51:06,22.83,12.000,27382.000,22.84,22.85,22.88,22.89,22.9,2,4,6,15,73,22.83,22.79,22.77,22.75,22.74,78,16,31,1,21,1
2020-01-02 09:51:15,22.84,2.000,4568.000,22.85,22.88,22.89,22.9,22.91,4,7,15,73,5,22.84,22.83,22.79,22.77,22.74,2,78,1,31,21,1
2020-01-02 09:51:21,22.83,11.000,25117.000,22.85,22.88,22.89,22.9,22.91,3,7,15,73,5,22.83,22.79,22.77,22.74,22.73,70,1,31,21,13,0
2020-01-02 09:51:30,22.83,20.000,45665.000,22.85,22.88,22.89,22.9,22.91,3,7,15,73,5,22.83,22.79,22.77,22.74,22.73,55,1,31,21,13,0
2020-01-02 09:51:33,22.83,2.000,4566.000,22.84,22.85,22.88,22.89,22.9,20,3,7,15,73,22.83,22.79,22.77,22.74,22.73,53,1,10,21,13,0
2020-01-02 09:51:36,22.79,54.000,123278.000,22.84,22.85,22.88,22.89,22.9,20,3,7,15,73,22.77,22.74,22.73,22.68,22.67,10,21,13,11,40,0
2020-01-02 09:52:03,22.83,66.000,150578.000,22.85,22.88,22.89,22.9,22.91,3,9,19,70,5,22.83,22.77,22.74,22.73,22.68,41,10,21,3,11,1
2020-01-02 09:52:06,22.83,10.000,22830.000,22.85,22.88,22.89,22.9,22.91,3,9,19,70,5,22.83,22.77,22.74,22.73,22.68,31,10,21,3,11,0
2020-01-02 09:52:09,22.83,3.000,6849.000,22.85,22.88,22.89,22.9,22.91,3,10,19,70,5,22.83,22.77,22.74,22.73,22.68,28,1,21,3,11,0
2020-01-02 09:52:21,22.83,20.000,45660.000,22.85,22.88,22.89,22.9,22.91,24,10,19,70,5,22.83,22.77,22.75,22.74,22.73,8,1,16,21,3,0
2020-01-02 09:52:24,22.83,2.000,4566.000,22.85,22.88,22.89,22.9,22.91,24,10,19,70,5,22.83,22.77,22.75,22.74,22.73,6,1,16,21,3,0
2020-01-02 09:52:30,22.85,21.000,47985.000,22.85,22.88,22.89,22.9,22.91,3,10,19,70,5,22.83,22.77,22.75,22.74,22.73,7,1,16,21,3,1
2020-01-02 09:52:36,22.85,3.000,6855.000,22.88,22.89,22.9,22.91,22.93,10,19,70,5,27,22.85,22.83,22.77,22.75,22.74,3,7,1,16,21,1
2020-01-02 09:52:46,22.83,10.000,22836.000,22.83,22.86,22.88,22.89,22.9,5,2,10,19,70,22.77,22.75,22.74,22.73,22.68,1,16,21,3,11,0
2020-01-02 09:52:48,22.83,5.000,11415.000,22.86,22.88,22.89,22.9,22.91,2,13,19,70,5,22.83,22.77,22.75,22.74,22.73,5,1,16,21,3,1
2020-01-02 09:53:03,22.85,2.000,4568.000,22.85,22.86,22.87,22.88,22.89,9,4,41,17,19,22.83,22.77,22.75,22.74,22.73,4,1,16,21,3,1
2020-01-02 09:53:09,22.85,3.000,6855.000,22.85,22.86,22.87,22.88,22.89,6,4,41,14,19,22.83,22.77,22.75,22.74,22.73,4,1,16,21,3,1
2020-01-02 09:53:15,22.85,2.000,4570.000,22.85,22.86,22.87,22.88,22.89,4,4,41,14,19,22.84,22.83,22.77,22.75,22.74,1,4,1,16,21,1
2020-01-02 09:53:30,22.83,5.000,11416.000,22.83,22.85,22.86,22.87,22.88,12,7,2,41,14,22.78,22.77,22.75,22.73,22.68,5,1,16,3,11,0
2020-01-02 09:53:36,22.83,3.000,6849.000,22.83,22.85,22.86,22.87,22.88,9,11,11,41,14,22.78,22.77,22.75,22.73,22.68,5,1,16,3,11,1
2020-01-02 09:53:39,22.83,7.000,15981.000,22.83,22.85,22.86,22.87,22.88,2,11,11,41,14,22.78,22.77,22.75,22.73,22.68,5,1,16,3,11,1
2020-01-02 09:53:51,22.85,12.000,27416.000,22.85,22.86,22.87,22.88,22.89,1,11,41,14,29,22.78,22.77,22.75,22.73,22.68,5,1,16,3,11,1
2020-01-02 09:54:06,22.84,1.000,2284.000,22.84,22.85,22.86,22.87,22.88,4,40,11,41,14,22.78,22.77,22.75,22.73,22.68,5,1,16,3,11,0
2020-01-02 09:54:33,22.82,1.000,2282.000,22.82,22.84,22.85,22.86,22.87,4,15,28,11,41,22.78,22.77,22.75,22.73,22.68,8,1,16,3,11,0
2020-01-02 09:54:39,22.78,13.000,29634.000,22.78,22.82,22.84,22.85,22.86,35,12,15,28,13,22.77,22.75,22.73,22.68,22.67,1,16,3,11,16,0
2020-01-02 09:54:57,22.75,17.000,38677.000,22.75,22.78,22.82,22.84,22.85,10,15,12,15,28,22.73,22.68,22.67,22.66,22.62,3,11,16,22,10,0
2020-01-02 09:55:18,22.75,5.000,11375.000,22.75,22.78,22.82,22.83,22.84,11,24,18,30,11,22.73,22.68,22.67,22.66,22.62,4,11,16,22,10,1
2020-01-02 09:55:21,22.75,3.000,6825.000,22.75,22.78,22.82,22.83,22.84,8,24,18,30,11,22.73,22.68,22.67,22.66,22.62,4,11,16,22,10,1
2020-01-02 09:55:46,22.73,1.000,2273.000,22.75,22.78,22.82,22.83,22.84,8,24,18,30,11,22.73,22.69,22.68,22.67,22.66,3,22,11,16,22,0
2020-01-02 09:56:01,22.73,23.000,52279.000,22.75,22.78,22.82,22.83,22.84,8,24,18,30,11,22.73,22.69,22.68,22.67,22.66,10,22,11,16,22,0
2020-01-02 09:56:03,22.75,1.000,2275.000,22.75,22.78,22.82,22.83,22.84,7,24,18,30,11,22.73,22.69,22.68,22.67,22.66,10,22,11,16,22,1
2020-01-02 09:56:06,22.75,1.000,2275.000,22.75,22.78,22.82,22.83,22.84,6,24,18,30,11,22.73,22.69,22.68,22.67,22.66,10,22,11,16,22,1
2020-01-02 09:56:12,22.73,10.000,22730.000,22.75,22.78,22.82,22.83,22.84,6,24,18,30,11,22.69,22.68,22.67,22.66,22.62,22,11,16,22,10,0
2020-01-02 09:57:00,22.73,2.000,4546.000,22.73,22.75,22.78,22.82,22.83,26,6,25,18,30,22.69,22.68,22.67,22.66,22.62,22,11,16,22,10,0
2020-01-02 09:57:18,22.69,2.000,4538.000,22.73,22.75,22.78,22.82,22.83,54,6,25,18,30,22.69,22.68,22.67,22.66,22.62,20,11,16,22,10,0
2020-01-02 09:57:27,22.69,20.000,45380.000,22.73,22.75,22.78,22.82,22.83,54,6,25,18,30,22.68,22.67,22.66,22.62,22.61,11,16,22,10,2,0
2020-01-02 09:57:42,22.69,2.000,4538.000,22.73,22.75,22.78,22.82,22.83,54,6,25,18,30,22.68,22.67,22.66,22.62,22.61,11,16,22,10,2,1
2020-01-02 09:58:00,22.73,4.000,9092.000,22.73,22.75,22.78,22.82,22.83,50,6,25,18,30,22.69,22.68,22.67,22.66,22.62,2,11,16,30,10,1
2020-01-02 09:58:30,22.72,2.000,4544.000,22.72,22.73,22.75,22.78,22.82,7,51,6,10,17,22.69,22.68,22.67,22.66,22.63,22,11,16,20,5,0
2020-01-02 09:59:03,22.72,1.000,2272.000,22.72,22.73,22.75,22.78,22.82,19,50,6,10,17,22.71,22.7,22.69,22.68,22.67,6,4,24,11,16,1
2020-01-02 09:59:09,22.71,7.000,15898.000,22.71,22.72,22.73,22.75,22.78,14,18,50,6,10,22.7,22.69,22.68,22.67,22.66,9,24,11,16,20,0
2020-01-02 09:59:27,22.7,9.000,20430.000,22.7,22.71,22.72,22.73,22.78,11,14,15,50,10,22.69,22.68,22.67,22.66,22.63,24,11,16,20,5,0
2020-01-02 09:59:30,22.7,5.000,11350.000,22.7,22.71,22.72,22.73,22.78,18,14,15,50,10,22.69,22.68,22.67,22.66,22.63,24,11,16,20,5,1
2020-01-02 09:59:39,22.69,1.000,2269.000,22.7,22.71,22.72,22.73,22.78,29,14,15,50,10,22.69,22.68,22.67,22.66,22.63,7,11,16,20,5,0
2020-01-02 09:59:45,22.7,41.000,93070.000,22.71,22.72,22.73,22.78,22.8,14,15,50,10,20,22.7,22.69,22.68,22.67,22.66,2,7,11,16,20,1
2020-01-02 09:59:51,22.7,2.000,4540.000,22.7,22.71,22.72,22.73,22.78,2,14,15,50,10,22.69,22.68,22.67,22.66,22.63,7,11,18,20,5,0
2020-01-02 10:00:12,22.66,65.000,147378.000,22.66,22.69,22.7,22.71,22.72,51,5,2,14,10,22.63,22.62,22.61,22.6,22.59,5,10,2,114,1,0
2020-01-02 10:00:21,22.6,130.000,293837.000,22.66,22.69,22.7,22.71,22.72,51,5,2,14,10,22.6,22.59,22.58,22.57,22.56,1,1,15,6,9,0
2020-01-02 10:00:24,22.66,1.000,2266.000,22.66,22.69,22.7,22.71,22.72,50,5,2,14,10,22.6,22.59,22.58,22.57,22.56,1,1,15,6,9,1
2020-01-02 10:00:48,22.6,3.000,6780.000,22.64,22.65,22.66,22.7,22.71,7,9,50,2,14,22.6,22.59,22.58,22.57,22.56,13,1,15,6,9,0
2020-01-02 10:01:09,22.6,14.000,31640.000,22.6,22.64,22.65,22.66,22.7,16,7,9,50,2,22.59,22.58,22.57,22.56,22.55,17,15,6,9,13,0
2020-01-02 10:01:12,22.59,9.000,20335.000,22.6,22.64,22.65,22.66,22.7,12,7,9,50,2,22.59,22.58,22.57,22.56,22.55,12,15,6,9,13,0
2020-01-02 10:01:18,22.6,10.000,22600.000,22.6,22.65,22.66,22.7,22.71,2,9,50,2,14,22.59,22.58,22.57,22.56,22.55,12,15,6,9,13,1
2020-01-02 10:01:24,22.59,7.000,15813.000,22.6,22.65,22.66,22.71,22.72,2,9,50,14,10,22.59,22.58,22.57,22.56,22.55,5,15,6,9,13,0
2020-01-02 10:01:28,22.6,2.000,4520.000,22.65,22.66,22.71,22.72,22.73,9,50,14,10,50,22.6,22.59,22.58,22.57,22.56,19,6,15,6,9,1
2020-01-02 10:01:36,22.6,6.000,13560.000,22.65,22.66,22.71,22.72,22.73,9,50,14,10,50,22.6,22.59,22.58,22.57,22.56,13,11,15,6,9,0
2020-01-02 10:01:51,22.6,10.000,22600.000,22.66,22.71,22.72,22.73,22.78,50,14,1,50,10,22.6,22.59,22.58,22.57,22.56,20,19,15,6,9,0
2020-01-02 10:02:03,22.66,10.000,22660.000,22.66,22.71,22.72,22.73,22.78,40,14,1,50,10,22.61,22.6,22.59,22.58,22.57,5,25,19,27,6,1
2020-01-02 10:02:06,22.61,2.000,4522.000,22.66,22.71,22.72,22.73,22.78,40,14,1,50,10,22.61,22.6,22.59,22.58,22.57,3,25,14,27,6,0
2020-01-02 10:02:21,22.66,5.000,11330.000,22.66,22.71,22.72,22.73,22.78,35,14,1,20,10,22.61,22.6,22.59,22.58,22.57,25,25,14,15,6,1
2020-01-02 10:02:45,22.61,6.000,13569.000,22.66,22.71,22.72,22.73,22.78,36,14,1,20,10,22.61,22.6,22.59,22.58,22.57,28,27,14,15,6,0
2020-01-02 10:02:48,22.61,1.000,2261.000,22.66,22.71,22.72,22.73,22.78,36,14,1,20,10,22.61,22.6,22.59,22.58,22.57,17,27,14,15,6,0
2020-01-02 10:02:54,22.6,52.000,117537.000,22.6,22.61,22.66,22.71,22.72,15,2,36,14,1,22.59,22.58,22.57,22.56,22.55,14,15,6,9,13,0
2020-01-02 10:03:12,22.59,6.000,13554.000,22.59,22.6,22.61,22.66,22.71,5,15,2,36,14,22.58,22.57,22.56,22.55,22.53,22,6,9,13,6,0
2020-01-02 10:03:18,22.6,22.000,49715.000,22.61,22.66,22.71,22.72,22.73,2,36,14,1,20,22.6,22.58,22.57,22.56,22.55,8,22,6,9,13,1
2020-01-02 10:03:33,22.58,11.000,24844.000,22.59,22.61,22.62,22.66,22.71,4,2,5,36,14,22.58,22.57,22.56,22.55,22.53,17,6,9,13,6,0
2020-01-02 10:03:48,22.58,8.000,18064.000,22.59,22.61,22.66,22.71,22.72,4,2,35,14,1,22.58,22.57,22.56,22.55,22.53,9,6,14,13,6,0
2020-01-02 10:03:58,22.59,1.000,2259.000,22.59,22.66,22.71,22.72,22.73,3,35,14,1,20,22.58,22.57,22.56,22.55,22.53,9,6,14,13,6,1
2020-01-02 10:04:04,22.58,2.000,4516.000,22.59,22.66,22.71,22.72,22.73,3,35,14,1,20,22.58,22.57,22.56,22.55,22.53,7,6,14,13,6,0
2020-01-02 10:04:12,22.59,2.000,4518.000,22.59,22.66,22.71,22.72,22.73,1,35,14,1,20,22.58,22.57,22.56,22.55,22.53,7,6,14,11,6,1
2020-01-02 10:04:15,22.59,1.000,2259.000,22.66,22.71,22.72,22.73,22.78,35,14,1,20,10,22.59,22.58,22.57,22.56,22.55,4,7,6,14,11,1
2020-01-02 10:04:25,22.59,34.000,76806.000,22.59,22.66,22.71,22.72,22.73,46,35,14,1,20,22.58,22.57,22.56,22.55,22.53,99,6,15,11,6,0
2020-01-02 10:04:33,22.59,5.000,11295.000,22.59,22.66,22.71,22.72,22.73,41,35,14,1,20,22.58,22.57,22.56,22.55,22.53,103,6,15,11,6,1
2020-01-02 10:04:36,22.59,12.000,27108.000,22.59,22.66,22.71,22.72,22.73,29,35,14,1,20,22.58,22.57,22.56,22.55,22.53,103,6,15,21,6,1
2020-01-02 10:04:39,22.59,5.000,11295.000,22.59,22.66,22.71,22.72,22.73,24,35,14,1,20,22.58,22.57,22.56,22.55,22.53,103,6,15,21,6,1
2020-01-02 10:04:42,22.59,9.000,20331.000,22.59,22.66,22.71,22.72,22.73,15,35,14,1,20,22.58,22.57,22.56,22.55,22.53,103,6,15,21,6,1
2020-01-02 10:04:48,22.58,13.000,29359.000,22.59,22.66,22.71,22.72,22.73,10,35,14,1,20,22.58,22.57,22.56,22.55,22.53,95,6,15,21,6,0
2020-01-02 10:04:51,22.59,8.000,18072.000,22.59,22.66,22.71,22.72,22.73,2,35,14,1,20,22.58,22.57,22.56,22.55,22.53,95,6,15,21,6,1
2020-01-02 10:04:54,22.59,2.000,4518.000,22.66,22.71,22.72,22.73,22.78,35,14,1,20,10,22.59,22.58,22.57,22.56,22.55,6,95,6,10,21,1
2020-01-02 10:05:03,22.64,1.000,2264.000,22.64,22.65,22.66,22.71,22.72,2,14,35,14,1,22.59,22.58,22.57,22.56,22.55,6,95,6,10,21,1
2020-01-02 10:05:42,22.59,8.000,18077.000,22.64,22.65,22.66,22.71,22.72,2,50,35,14,1,22.59,22.58,22.57,22.56,22.55,18,100,6,10,21,0
2020-01-02 10:05:57,22.64,1.000,2264.000,22.64,22.65,22.66,22.71,22.72,1,50,35,14,3,22.59,22.58,22.57,22.56,22.55,38,100,6,10,21,1
2020-01-02 10:06:12,22.64,1.000,2264.000,22.65,22.66,22.71,22.72,22.73,50,35,14,3,20,22.6,22.59,22.58,22.57,22.56,15,58,100,6,10,1
2020-01-02 10:06:33,22.65,11.000,24915.000,22.65,22.66,22.71,22.72,22.73,39,63,14,3,20,22.64,22.61,22.6,22.59,22.58,3,3,15,38,100,1
2020-01-02 10:06:39,22.65,5.000,11325.000,22.65,22.66,22.71,22.72,22.73,34,63,14,3,20,22.64,22.61,22.6,22.59,22.58,3,3,15,38,100,1
2020-01-02 10:06:54,22.65,2.000,4530.000,22.65,22.66,22.71,22.72,22.73,32,63,14,3,20,22.64,22.61,22.6,22.59,22.58,3,23,15,38,100,1
2020-01-02 10:07:00,22.65,2.000,4530.000,22.65,22.66,22.71,22.72,22.73,30,63,14,3,20,22.64,22.61,22.6,22.59,22.58,3,23,15,38,100,1
2020-01-02 10:07:03,22.64,3.000,6792.000,22.65,22.66,22.71,22.72,22.73,30,63,14,3,20,22.61,22.6,22.59,22.58,22.57,23,15,38,100,6,0
2020-01-02 10:07:15,22.63,5.000,11315.000,22.63,22.64,22.65,22.66,22.71,1,9,30,63,14,22.62,22.61,22.6,22.59,22.58,4,23,15,38,100,0
2020-01-02 10:07:39,22.62,10.000,22620.000,22.63,22.64,22.65,22.66,22.71,2,12,30,63,14,22.62,22.61,22.6,22.59,22.58,5,23,20,33,100,0
2020-01-02 10:07:51,22.62,5.000,11310.000,22.62,22.63,22.64,22.65,22.66,1,3,9,30,63,22.61,22.6,22.59,22.58,22.57,23,20,33,100,6,0
2020-01-02 10:08:03,22.62,1.000,2262.000,22.64,22.65,22.66,22.71,22.72,9,29,63,14,3,22.61,22.6,22.59,22.58,22.57,23,20,30,100,6,1
2020-01-02 10:08:15,22.64,2.000,4528.000,22.65,22.66,22.71,22.72,22.75,29,63,14,3,8,22.61,22.6,22.59,22.58,22.57,23,20,30,100,6,1
2020-01-02 10:08:36,22.65,23.000,52095.000,22.65,22.66,22.71,22.72,22.75,17,63,14,3,8,22.61,22.6,22.59,22.58,22.57,23,20,30,103,6,1
2020-01-02 10:08:57,22.64,3.000,6792.000,22.64,22.65,22.66,22.71,22.72,1,14,57,14,3,22.61,22.6,22.59,22.58,22.57,23,20,30,103,6,0
2020-01-02 10:09:45,22.63,2.000,4526.000,22.63,22.64,22.65,22.66,22.71,135,1,32,57,14,22.61,22.6,22.59,22.58,22.57,23,45,30,103,6,0
2020-01-02 10:09:48,22.61,21.000,47491.000,22.63,22.64,22.65,22.66,22.71,130,1,32,57,14,22.61,22.6,22.59,22.58,22.57,7,45,30,103,6,0
2020-01-02 10:10:09,22.61,19.000,42959.000,22.61,22.62,22.63,22.64,22.65,18,34,130,1,32,22.6,22.59,22.58,22.57,22.56,40,30,103,6,10,0
2020-01-02 10:10:18,22.6,30.000,67800.000,22.61,22.62,22.63,22.64,22.65,18,34,130,1,32,22.6,22.59,22.58,22.57,22.56,10,30,103,6,10,0
2020-01-02 10:10:51,22.61,16.000,36176.000,22.61,22.64,22.65,22.66,22.71,2,1,6,50,14,22.6,22.59,22.58,22.57,22.56,12,80,103,6,10,1
2020-01-02 10:10:54,22.61,2.000,4522.000,22.64,22.65,22.66,22.71,22.72,1,6,50,14,3,22.61,22.6,22.59,22.58,22.57,56,12,80,103,6,1
2020-01-02 10:11:03,22.64,31.000,70094.000,22.65,22.66,22.71,22.72,22.75,6,50,14,3,8,22.61,22.6,22.59,22.58,22.57,61,32,80,103,7,1
2020-01-02 10:11:18,22.65,6.000,13590.000,22.66,22.71,22.72,22.75,22.78,60,14,3,8,10,22.65,22.61,22.6,22.59,22.58,2,61,33,80,103,1
2020-01-02 10:11:25,22.65,2.000,4530.000,22.65,22.66,22.71,22.72,22.75,8,60,14,3,8,22.64,22.61,22.6,22.59,22.58,1,61,33,80,103,0
2020-01-02 10:11:33,22.64,1.000,2264.000,22.64,22.65,22.66,22.67,22.71,3,8,262,24,14,22.62,22.61,22.6,22.59,22.58,2,26,52,80,103,0
2020-01-02 10:11:42,22.65,11.000,24912.000,22.66,22.67,22.71,22.72,22.75,262,24,14,3,8,22.65,22.62,22.61,22.6,22.59,24,2,26,52,80,1
2020-01-02 10:11:54,22.65,10.000,22650.000,22.66,22.67,22.71,22.72,22.75,262,24,14,3,8,22.65,22.64,22.62,22.61,22.6,17,12,32,26,52,0
2020-01-02 10:12:04,22.66,27.000,61162.000,22.66,22.67,22.71,22.72,22.75,255,24,14,3,8,22.64,22.62,22.6,22.59,22.58,12,32,52,80,103,1
2020-01-02 10:13:03,22.66,1.000,2266.000,22.66,22.67,22.71,22.72,22.75,259,49,14,3,8,22.64,22.62,22.61,22.6,22.59,38,44,1,43,80,1
2020-01-02 10:13:28,22.66,3.000,6798.000,22.66,22.67,22.71,22.72,22.75,56,49,14,3,8,22.64,22.62,22.61,22.6,22.59,38,44,1,43,80,1
2020-01-02 10:13:31,22.64,19.000,43016.000,22.66,22.67,22.71,22.72,22.75,56,49,14,3,8,22.64,22.62,22.61,22.6,22.59,19,44,1,43,80,0
2020-01-02 10:13:33,22.66,10.000,22660.000,22.66,22.67,22.71,22.72,22.75,46,49,14,3,8,22.64,22.62,22.61,22.6,22.59,19,44,1,43,80,1
2020-01-02 10:13:45,22.65,2.000,4530.000,22.65,22.66,22.67,22.71,22.72,98,78,46,14,3,22.64,22.62,22.61,22.6,22.59,19,44,1,43,80,0
2020-01-02 10:13:54,22.64,19.000,43016.000,22.64,22.65,22.66,22.67,22.71,46,98,64,35,14,22.62,22.61,22.6,22.59,22.58,44,1,43,80,103,0
2020-01-02 10:14:21,22.62,44.000,99528.000,22.62,22.64,22.65,22.66,22.67,10,46,98,59,27,22.61,22.6,22.59,22.58,22.57,2,43,80,103,7,0
2020-01-02 10:14:39,22.61,2.000,4522.000,22.62,22.64,22.65,22.66,22.67,10,46,98,48,8,22.6,22.59,22.58,22.57,22.56,43,85,101,7,10,0
2020-01-02 10:14:54,22.62,8.000,18096.000,22.62,22.65,22.66,22.67,22.71,2,98,14,5,14,22.6,22.59,22.58,22.57,22.56,43,85,101,7,10,1
2020-01-02 10:15:06,22.62,1.000,2262.000,22.62,22.65,22.66,22.67,22.71,1,98,14,5,14,22.6,22.59,22.58,22.57,22.56,43,85,101,7,10,1
2020-01-02 10:15:12,22.6,24.000,54240.000,22.62,22.65,22.66,22.67,22.71,1,98,14,5,14,22.6,22.59,22.58,22.57,22.56,19,85,101,7,10,0
2020-01-02 10:15:48,22.61,10.000,22610.000,22.62,22.65,22.66,22.71,22.72,1,98,14,14,3,22.61,22.6,22.59,22.58,22.57,4,19,65,98,7,1
2020-01-02 10:15:51,22.62,11.000,24866.000,22.65,22.66,22.71,22.72,22.75,98,14,14,3,8,22.62,22.6,22.59,22.58,22.57,9,13,65,98,7,1
2020-01-02 10:17:06,22.62,13.000,29409.000,22.65,22.66,22.71,22.72,22.75,106,25,14,3,8,22.62,22.6,22.59,22.58,22.57,29,13,65,108,12,0
2020-01-02 10:17:33,22.62,4.000,9048.000,22.65,22.66,22.71,22.72,22.75,115,25,14,3,8,22.62,22.6,22.59,22.58,22.57,25,43,65,108,12,0
2020-01-02 10:17:42,22.65,20.000,45300.000,22.65,22.66,22.71,22.72,22.75,105,25,14,3,8,22.62,22.6,22.59,22.58,22.57,25,45,65,108,12,1
2020-01-02 10:17:57,22.65,5.000,11325.000,22.65,22.66,22.67,22.71,22.72,116,25,23,14,3,22.62,22.6,22.59,22.58,22.57,31,48,65,108,12,1
2020-01-02 10:18:00,22.65,4.000,9060.000,22.65,22.66,22.67,22.71,22.72,112,25,24,14,3,22.63,22.62,22.6,22.59,22.58,44,31,48,65,108,1
2020-01-02 10:18:48,22.65,13.000,29445.000,22.65,22.66,22.67,22.71,22.72,88,25,18,14,3,22.63,22.62,22.6,22.59,22.58,44,31,53,103,108,1
2020-01-02 10:18:54,22.65,1.000,2265.000,22.65,22.66,22.67,22.71,22.72,17,31,11,14,3,22.63,22.62,22.6,22.59,22.58,44,31,53,103,108,1
2020-01-02 10:19:00,22.63,49.000,110887.000,22.63,22.65,22.66,22.67,22.71,6,17,35,11,14,22.62,22.6,22.59,22.58,22.57,31,53,103,108,7,0
2020-01-02 10:19:06,22.63,5.000,11315.000,22.63,22.65,22.66,22.67,22.71,1,17,35,11,14,22.62,22.6,22.59,22.58,22.57,31,53,103,108,7,1
2020-01-02 10:19:12,22.62,10.000,22620.000,22.63,22.65,22.66,22.67,22.71,1,17,35,11,14,22.62,22.6,22.59,22.58,22.57,21,53,103,108,7,0
2020-01-02 10:19:36,22.63,1.000,2263.000,22.65,22.66,22.67,22.71,22.72,2,35,11,14,3,22.63,22.62,22.61,22.6,22.59,2,21,20,55,103,1
2020-01-02 10:19:45,22.63,2.000,4526.000,22.63,22.66,22.67,22.71,22.72,3,28,11,14,3,22.62,22.61,22.6,22.59,22.58,21,20,55,103,108,0
2020-01-02 10:19:58,22.62,1.000,2262.000,22.63,22.66,22.67,22.71,22.72,3,28,11,14,3,22.62,22.61,22.6,22.59,22.58,20,20,55,103,108,0
2020-01-02 10:20:06,22.66,5.000,11321.000,22.66,22.67,22.71,22.72,22.75,26,11,14,3,8,22.62,22.61,22.6,22.59,22.58,20,20,55,103,108,1
2020-01-02 10:20:42,22.66,6.000,13596.000,22.66,22.67,22.71,22.72,22.75,35,11,14,3,8,22.62,22.61,22.6,22.59,22.58,20,20,55,103,108,1
2020-01-02 10:20:51,22.66,35.000,79310.000,22.67,22.71,22.72,22.75,22.78,11,14,3,8,10,22.66,22.62,22.61,22.6,22.59,65,21,20,55,103,1
2020-01-02 10:20:57,22.66,10.000,22660.000,22.67,22.68,22.71,22.72,22.75,15,3,14,3,8,22.66,22.62,22.61,22.6,22.59,55,21,20,55,103,0
2020-01-02 10:21:09,22.67,3.000,6801.000,22.67,22.68,22.71,22.72,22.75,15,19,14,3,8,22.66,22.62,22.61,22.6,22.59,55,21,20,55,103,1
2020-01-02 10:21:18,22.67,2.000,4534.000,22.67,22.68,22.69,22.71,22.72,11,23,4,14,3,22.66,22.62,22.61,22.6,22.59,55,21,20,55,76,1
2020-01-02 10:21:28,22.67,1.000,2267.000,22.67,22.68,22.69,22.71,22.72,10,25,36,14,3,22.66,22.62,22.61,22.6,22.59,120,21,20,55,76,1
2020-01-02 10:21:30,22.67,10.000,22670.000,22.68,22.69,22.71,22.72,22.75,25,39,14,3,8,22.67,22.66,22.62,22.61,22.6,3,120,21,20,55,1
2020-01-02 10:21:36,22.67,3.000,6801.000,22.67,22.68,22.69,22.7,22.71,7,25,42,80,14,22.66,22.62,22.61,22.6,22.59,120,21,20,55,76,0
2020-01-02 10:21:39,22.67,4.000,9068.000,22.67,22.68,22.69,22.7,22.71,3,25,42,80,14,22.66,22.62,22.61,22.6,22.59,120,21,20,55,76,1
2020-01-02 10:21:51,22.67,5.000,11335.000,22.68,22.69,22.7,22.71,22.72,41,66,80,14,3,22.67,22.66,22.62,22.61,22.6,4,120,21,20,55,1
2020-01-02 10:21:54,22.67,1.000,2267.000,22.68,22.69,22.7,22.71,22.72,41,66,80,14,3,22.67,22.66,22.62,22.61,22.6,3,120,21,20,55,0
2020-01-02 10:21:57,22.67,1.000,2267.000,22.68,22.69,22.7,22.71,22.72,41,66,80,14,3,22.67,22.66,22.62,22.61,22.6,3,120,21,20,55,0
2020-01-02 10:22:06,22.67,1.000,2267.000,22.68,22.69,22.7,22.71,22.72,41,67,80,14,3,22.67,22.66,22.63,22.62,22.61,2,120,14,21,20,0
2020-01-02 10:22:31,22.67,9.000,20403.000,22.67,22.68,22.69,22.7,22.71,50,51,75,80,14,22.66,22.63,22.62,22.61,22.6,120,14,21,20,55,0
2020-01-02 10:22:39,22.67,57.000,129219.000,22.67,22.68,22.69,22.7,22.71,3,40,59,80,14,22.66,22.63,22.62,22.61,22.6,120,14,21,20,55,1
2020-01-02 10:22:45,22.66,67.000,151822.000,22.67,22.68,22.69,22.7,22.71,3,36,52,80,14,22.66,22.63,22.62,22.61,22.6,53,14,21,20,55,0
2020-01-02 10:23:54,22.66,34.000,77044.000,22.67,22.68,22.7,22.71,22.72,3,8,80,14,3,22.66,22.63,22.62,22.61,22.6,19,14,21,20,55,0
2020-01-02 10:23:58,22.67,3.000,6801.000,22.68,22.7,22.71,22.72,22.75,8,80,14,3,8,22.67,22.66,22.63,22.62,22.61,7,19,14,21,20,1
2020-01-02 10:24:12,22.68,8.000,18144.000,22.7,22.71,22.72,22.75,22.78,80,14,3,8,10,22.68,22.67,22.66,22.63,22.62,36,16,20,14,21,1
2020-01-02 10:24:57,22.68,11.000,24948.000,22.69,22.7,22.71,22.72,22.75,11,99,14,3,8,22.68,22.67,22.66,22.63,22.62,36,16,23,14,21,0
2020-01-02 10:25:03,22.68,36.000,81648.000,22.68,22.69,22.7,22.71,22.72,1,11,113,14,3,22.67,22.66,22.63,22.62,22.61,7,23,14,21,22,0
2020-01-02 10:25:30,22.67,4.000,9068.000,22.68,22.69,22.7,22.71,22.72,15,11,120,14,3,22.67,22.66,22.63,22.62,22.61,3,23,14,21,22,0
2020-01-02 10:25:33,22.67,2.000,4534.000,22.68,22.69,22.7,22.71,22.72,15,66,120,14,3,22.67,22.66,22.63,22.62,22.61,1,23,14,21,22,0
2020-01-02 10:26:19,22.66,6.000,13597.000,22.68,22.69,22.7,22.71,22.72,16,66,113,14,3,22.66,22.63,22.62,22.61,22.6,18,14,21,22,53,0
2020-01-02 10:26:39,22.66,18.000,40788.000,22.66,22.68,22.69,22.7,22.71,32,16,66,106,14,22.63,22.62,22.61,22.6,22.59,14,21,22,53,46,0
2020-01-02 10:28:06,22.62,7.000,15834.000,22.63,22.65,22.66,22.68,22.69,5,4,52,6,55,22.62,22.61,22.6,22.59,22.58,24,22,53,46,108,0
2020-01-02 10:28:18,22.63,5.000,11315.000,22.65,22.66,22.68,22.69,22.7,4,52,6,55,80,22.63,22.62,22.61,22.6,22.59,9,24,22,53,46,1
2020-01-02 10:28:45,22.63,3.000,6789.000,22.65,22.66,22.68,22.69,22.7,4,52,6,55,80,22.63,22.62,22.61,22.6,22.59,6,18,60,53,46,0
2020-01-02 10:28:54,22.63,3.000,6789.000,22.65,22.66,22.68,22.69,22.7,4,57,6,55,80,22.63,22.62,22.61,22.6,22.59,63,18,60,53,46,0
2020-01-02 10:29:06,22.63,2.000,4526.000,22.65,22.66,22.68,22.69,22.7,4,57,6,55,80,22.63,22.62,22.61,22.6,22.59,61,18,58,53,46,0
2020-01-02 10:29:30,22.64,5.000,11320.000,22.64,22.65,22.66,22.68,22.69,15,4,57,8,55,22.63,22.62,22.61,22.6,22.59,61,18,58,53,46,1
2020-01-02 10:29:36,22.64,15.000,33960.000,22.65,22.66,22.68,22.69,22.7,6,57,8,55,80,22.64,22.63,22.62,22.61,22.6,45,127,76,58,53,1
2020-01-02 10:29:51,22.65,6.000,13590.000,22.66,22.68,22.69,22.7,22.71,57,8,55,80,14,22.65,22.64,22.63,22.62,22.61,8,45,127,76,58,1
2020-01-02 10:29:54,22.66,36.000,81576.000,22.66,22.68,22.69,22.7,22.71,21,8,55,80,14,22.65,22.64,22.63,22.62,22.61,8,45,126,76,58,1
2020-01-02 10:30:06,22.66,1.000,2266.000,22.66,22.67,22.68,22.69,22.7,20,11,8,55,80,22.65,22.64,22.63,22.62,22.61,16,45,128,76,58,1
2020-01-02 10:30:12,22.68,45.000,101982.000,22.68,22.69,22.7,22.71,22.72,3,55,80,14,3,22.66,22.65,22.64,22.63,22.62,80,10,53,128,76,1
2020-01-02 10:30:25,22.68,3.000,6804.000,22.69,22.7,22.71,22.72,22.75,55,80,14,3,8,22.68,22.66,22.65,22.64,22.63,2,80,10,45,128,1
2020-01-02 10:30:27,22.66,3.000,6802.000,22.69,22.7,22.71,22.72,22.75,55,80,14,3,8,22.66,22.65,22.64,22.63,22.62,79,10,45,128,76,0
2020-01-02 10:30:57,22.69,16.000,36304.000,22.69,22.7,22.71,22.72,22.75,39,80,14,3,8,22.67,22.66,22.65,22.64,22.63,3,78,8,54,128,1
2020-01-02 10:31:03,22.69,3.000,6807.000,22.69,22.7,22.71,22.72,22.75,36,80,14,3,8,22.67,22.66,22.65,22.64,22.63,3,78,8,54,62,1
2020-01-02 10:31:06,22.69,5.000,11345.000,22.69,22.7,22.71,22.72,22.75,31,80,14,3,8,22.67,22.66,22.65,22.64,22.63,3,78,8,54,62,1
2020-01-02 10:31:48,22.69,2.000,4536.000,22.7,22.71,22.72,22.75,22.78,80,28,3,8,10,22.69,22.67,22.66,22.65,22.64,37,2,78,15,54,0
2020-01-02 10:31:57,22.69,7.000,15883.000,22.7,22.71,22.72,22.74,22.75,80,20,3,31,8,22.69,22.67,22.66,22.65,22.64,30,2,78,15,54,0
2020-01-02 10:32:03,22.69,25.000,56748.000,22.7,22.71,22.72,22.74,22.75,57,20,3,31,8,22.69,22.67,22.66,22.65,22.64,28,2,78,15,54,0
2020-01-02 10:32:18,22.69,2.000,4538.000,22.7,22.71,22.72,22.74,22.75,57,20,3,31,8,22.69,22.66,22.65,22.64,22.63,29,78,15,54,62,0
2020-01-02 10:32:24,22.69,2.000,4538.000,22.7,22.71,22.72,22.74,22.75,57,20,3,31,8,22.69,22.66,22.65,22.64,22.63,27,78,15,54,62,0
2020-01-02 10:32:36,22.7,14.000,31780.000,22.7,22.71,22.72,22.74,22.75,43,20,3,31,8,22.69,22.66,22.65,22.64,22.63,27,78,15,54,62,1
2020-01-02 10:32:42,22.7,2.000,4540.000,22.7,22.71,22.72,22.74,22.75,41,20,3,31,8,22.69,22.66,22.65,22.64,22.63,27,78,15,54,62,1
2020-01-02 10:32:45,22.69,2.000,4538.000,22.7,22.71,22.72,22.74,22.75,41,20,3,31,8,22.69,22.66,22.65,22.64,22.63,25,78,15,54,62,0
2020-01-02 10:32:54,22.7,7.000,15890.000,22.7,22.71,22.72,22.74,22.75,34,20,3,31,8,22.69,22.66,22.65,22.64,22.63,25,78,15,54,62,1
2020-01-02 10:33:03,22.7,13.000,29510.000,22.7,22.71,22.72,22.74,22.75,21,20,11,31,8,22.69,22.66,22.65,22.64,22.63,25,78,15,54,62,1
2020-01-02 10:33:09,22.7,10.000,22700.000,22.7,22.71,22.72,22.74,22.75,11,20,15,31,8,22.69,22.66,22.65,22.64,22.63,25,78,15,54,62,1
2020-01-02 10:33:18,22.7,2.000,4540.000,22.7,22.71,22.72,22.74,22.75,9,20,15,31,8,22.69,22.66,22.65,22.64,22.63,25,78,15,54,62,1
2020-01-02 10:34:03,22.69,3.000,6807.000,22.69,22.7,22.71,22.72,22.74,2,9,19,15,31,22.66,22.65,22.64,22.63,22.62,78,15,54,62,18,0
2020-01-02 10:34:19,22.67,2.000,4534.000,22.7,22.71,22.72,22.74,22.75,11,19,15,31,8,22.67,22.66,22.65,22.64,22.63,2,78,15,54,62,0
2020-01-02 10:34:45,22.67,3.000,6801.000,22.68,22.69,22.7,22.71,22.72,5,2,9,19,15,22.67,22.66,22.65,22.64,22.63,13,88,15,54,62,0
2020-01-02 10:34:48,22.69,7.000,15878.000,22.7,22.71,22.72,22.74,22.75,9,19,15,31,8,22.69,22.68,22.67,22.66,22.65,61,14,13,88,15,1
2020-01-02 10:35:03,22.69,3.000,6807.000,22.7,22.71,22.72,22.74,22.75,9,19,15,31,8,22.69,22.68,22.67,22.66,22.65,73,14,13,88,15,0
2020-01-02 10:36:03,22.7,3.000,6810.000,22.7,22.71,22.72,22.74,22.75,6,14,3,31,8,22.69,22.68,22.66,22.65,22.64,97,58,88,15,54,1
2020-01-02 10:36:13,22.69,50.000,113450.000,22.7,22.71,22.72,22.74,22.75,6,14,3,31,8,22.69,22.68,22.66,22.65,22.64,47,58,88,15,54,0
2020-01-02 10:36:27,22.69,10.000,22690.000,22.7,22.71,22.72,22.74,22.75,12,14,3,31,8,22.69,22.68,22.66,22.65,22.64,37,58,88,15,54,0
2020-01-02 10:36:42,22.7,7.000,15890.000,22.7,22.71,22.72,22.74,22.75,5,14,3,31,8,22.69,22.68,22.66,22.65,22.64,37,58,88,15,54,1
2020-01-02 10:36:45,22.7,3.000,6810.000,22.7,22.71,22.72,22.74,22.75,2,14,3,31,8,22.69,22.68,22.66,22.65,22.64,37,58,88,15,54,1
2020-01-02 10:37:09,22.7,5.000,11350.000,22.7,22.71,22.72,22.74,22.75,7,14,3,31,8,22.69,22.68,22.66,22.65,22.64,37,108,88,15,54,1
2020-01-02 10:37:16,22.7,3.000,6810.000,22.7,22.71,22.72,22.74,22.75,4,14,3,31,8,22.69,22.68,22.66,22.65,22.64,37,108,88,15,54,1
2020-01-02 10:37:51,22.7,4.000,9080.000,22.71,22.72,22.74,22.78,22.79,16,8,31,10,1,22.7,22.69,22.68,22.66,22.65,1,37,108,88,15,1
2020-01-02 10:38:25,22.7,7.000,15890.000,22.7,22.71,22.72,22.74,22.78,2,16,8,31,10,22.69,22.68,22.66,22.65,22.64,37,108,88,15,9,0
2020-01-02 10:38:39,22.7,3.000,6810.000,22.71,22.72,22.74,22.78,22.79,16,8,31,10,1,22.7,22.69,22.68,22.66,22.65,27,37,108,88,15,1
2020-01-02 10:38:54,22.71,7.000,15897.000,22.71,22.72,22.74,22.78,22.79,9,8,31,10,1,22.7,22.69,22.68,22.66,22.65,27,27,58,88,15,1
2020-01-02 10:39:06,22.7,10.000,22700.000,22.71,22.72,22.74,22.78,22.79,9,8,31,10,1,22.7,22.69,22.68,22.66,22.65,17,27,58,88,15,0
2020-01-02 10:39:18,22.71,10.000,22709.000,22.72,22.74,22.78,22.79,22.8,8,31,10,1,21,22.71,22.7,22.69,22.68,22.66,23,93,27,58,88,1
2020-01-02 10:39:54,22.72,8.000,18176.000,22.78,22.79,22.8,22.82,22.83,10,1,21,6,36,22.77,22.71,22.7,22.69,22.66,16,45,43,27,108,1
2020-01-02 10:39:58,22.82,33.000,75221.000,22.82,22.83,22.84,22.85,22.86,5,36,7,35,30,22.71,22.7,22.69,22.66,22.65,45,43,27,108,15,1
2020-01-02 10:40:04,22.82,3.000,6846.000,22.77,22.78,22.82,22.83,22.84,67,9,2,36,7,22.71,22.7,22.69,22.68,22.66,45,43,27,16,108,1
2020-01-02 10:40:57,22.74,1.000,2274.000,22.75,22.76,22.77,22.78,22.82,4,4,71,9,2,22.74,22.72,22.71,22.7,22.69,19,20,123,68,27,0
2020-01-02 10:41:06,22.75,1.000,2275.000,22.75,22.76,22.77,22.78,22.82,3,4,66,9,13,22.74,22.72,22.71,22.7,22.69,19,20,123,68,27,1
2020-01-02 10:41:24,22.74,24.000,54586.000,22.75,22.76,22.77,22.78,22.82,3,33,62,9,13,22.74,22.72,22.71,22.7,22.69,6,30,123,68,27,0
2020-01-02 10:42:12,22.74,6.000,13644.000,22.74,22.75,22.76,22.77,22.8,14,3,31,10,1,22.72,22.71,22.7,22.69,22.68,49,123,68,27,2,0
2020-01-02 10:42:15,22.74,6.000,13644.000,22.74,22.75,22.76,22.77,22.8,8,3,31,10,1,22.72,22.71,22.7,22.69,22.68,49,123,68,27,2,1
2020-01-02 10:42:21,22.76,42.000,95573.000,22.77,22.8,22.82,22.83,22.84,10,1,35,36,1,22.76,22.72,22.71,22.7,22.69,58,49,123,68,27,1
2020-01-02 10:42:42,22.77,10.000,22770.000,22.77,22.79,22.8,22.82,22.83,11,88,1,35,36,22.76,22.73,22.72,22.71,22.7,58,1,49,113,68,1
2020-01-02 10:42:54,22.76,20.000,45520.000,22.77,22.79,22.8,22.82,22.83,11,95,1,35,36,22.76,22.73,22.72,22.71,22.7,38,1,49,113,68,0
2020-01-02 10:43:06,22.76,3.000,6828.000,22.77,22.79,22.8,22.82,22.83,11,95,1,35,36,22.76,22.73,22.72,22.71,22.7,35,1,49,113,68,0
2020-01-02 10:43:12,22.76,20.000,45520.000,22.77,22.79,22.8,22.82,22.83,11,95,1,35,36,22.76,22.73,22.72,22.71,22.7,15,1,49,113,68,0
2020-01-02 10:43:18,22.76,15.000,34140.000,22.76,22.77,22.79,22.8,22.82,5,11,95,1,35,22.73,22.72,22.71,22.7,22.69,1,49,113,68,27,0
2020-01-02 10:43:39,22.76,5.000,11380.000,22.77,22.79,22.8,22.82,22.83,11,95,1,35,36,22.76,22.73,22.72,22.71,22.7,5,1,49,108,68,1
2020-01-02 10:43:48,22.76,5.000,11380.000,22.77,22.79,22.8,22.82,22.83,15,94,1,35,36,22.73,22.72,22.71,22.7,22.69,1,49,108,68,27,0
2020-01-02 10:44:09,22.73,1.000,2273.000,22.76,22.77,22.79,22.8,22.82,19,11,94,1,35,22.72,22.71,22.7,22.69,22.68,49,98,68,27,2,0
2020-01-02 10:44:30,22.76,10.000,22760.000,22.76,22.77,22.79,22.8,22.81,9,11,94,1,1,22.72,22.71,22.7,22.69,22.68,49,40,68,27,2,1
2020-01-02 10:46:18,22.73,12.000,27306.000,22.76,22.77,22.78,22.79,22.8,12,12,17,84,9,22.72,22.71,22.7,22.69,22.68,63,30,68,13,2,0
2020-01-02 10:46:42,22.76,12.000,27312.000,22.77,22.78,22.79,22.8,22.81,12,13,84,9,1,22.76,22.72,22.71,22.7,22.69,46,63,30,68,13,1
2020-01-02 10:46:45,22.76,1.000,2276.000,22.77,22.78,22.79,22.8,22.81,12,13,84,9,1,22.76,22.72,22.71,22.7,22.69,45,63,30,68,13,0
2020-01-02 10:46:48,22.76,3.000,6828.000,22.77,22.78,22.79,22.8,22.81,12,18,84,9,1,22.76,22.72,22.71,22.7,22.69,42,63,30,68,13,0
2020-01-02 10:46:52,22.76,16.000,36416.000,22.77,22.78,22.79,22.8,22.81,12,21,84,9,1,22.76,22.72,22.71,22.7,22.69,26,63,30,68,13,0
2020-01-02 10:47:00,22.76,1.000,2276.000,22.77,22.78,22.79,22.8,22.81,16,30,84,9,1,22.76,22.72,22.71,22.7,22.69,25,63,40,68,13,0
2020-01-02 10:47:06,22.76,13.000,29588.000,22.77,22.78,22.79,22.8,22.81,16,30,84,9,1,22.76,22.72,22.71,22.7,22.69,12,63,40,68,13,0
2020-01-02 10:47:55,22.76,2.000,4552.000,22.77,22.78,22.79,22.8,22.81,16,30,84,9,1,22.76,22.72,22.71,22.7,22.69,20,63,30,68,13,0
2020-01-02 10:48:12,22.76,10.000,22760.000,22.77,22.78,22.79,22.8,22.81,16,30,84,9,1,22.76,22.72,22.71,22.7,22.69,10,63,30,68,13,0
2020-01-02 10:48:21,22.76,10.000,22760.000,22.77,22.78,22.79,22.8,22.81,16,30,84,9,1,22.72,22.71,22.7,22.69,22.68,63,30,68,13,2,0
2020-01-02 10:48:30,22.72,24.000,54528.000,22.76,22.77,22.78,22.79,22.8,17,16,30,84,9,22.72,22.71,22.7,22.69,22.68,39,30,68,13,2,0
2020-01-02 10:48:46,22.72,10.000,22720.000,22.76,22.77,22.78,22.79,22.8,17,12,30,9,1,22.72,22.71,22.7,22.69,22.68,29,30,68,13,2,0
2020-01-02 10:48:48,22.72,5.000,11360.000,22.75,22.76,22.77,22.78,22.79,8,17,12,30,2,22.72,22.71,22.7,22.69,22.68,24,30,68,13,2,0
2020-01-02 10:49:18,22.72,31.000,70476.000,22.75,22.76,22.77,22.78,22.8,21,17,12,30,1,22.72,22.71,22.7,22.69,22.68,15,30,36,13,2,0
2020-01-02 10:49:33,22.72,5.000,11360.000,22.75,22.76,22.77,22.78,22.8,30,17,12,30,1,22.72,22.71,22.7,22.69,22.68,10,30,36,13,2,0
2020-01-02 10:49:57,22.72,10.000,22720.000,22.72,22.74,22.75,22.76,22.77,8,9,32,17,12,22.71,22.7,22.69,22.68,22.66,30,36,13,2,78,0
2020-01-02 10:50:18,22.71,30.000,68130.000,22.71,22.72,22.74,22.75,22.76,4,8,9,32,7,22.7,22.69,22.68,22.66,22.65,36,13,2,78,14,0
2020-01-02 10:51:12,22.7,20.000,45400.000,22.71,22.72,22.73,22.74,22.75,36,12,16,9,32,22.7,22.69,22.68,22.66,22.65,16,13,2,78,14,0
2020-01-02 10:51:16,22.7,3.000,6810.000,22.71,22.72,22.73,22.74,22.75,36,12,16,9,32,22.7,22.69,22.68,22.66,22.65,13,13,2,78,14,0
2020-01-02 10:51:33,22.7,13.000,29510.000,22.7,22.71,22.72,22.73,22.74,1,36,12,16,9,22.69,22.68,22.66,22.65,22.64,13,2,78,14,9,0
2020-01-02 10:51:39,22.68,15.000,34033.000,22.68,22.7,22.71,22.72,22.73,5,1,36,12,13,22.66,22.65,22.64,22.63,22.62,78,14,9,62,8,0
2020-01-02 10:51:51,22.66,5.000,11330.000,22.68,22.7,22.71,22.72,22.73,5,1,36,12,13,22.66,22.65,22.64,22.63,22.62,73,14,9,62,8,0
2020-01-02 10:51:57,22.66,60.000,135960.000,22.68,22.7,22.71,22.72,22.73,5,8,36,12,10,22.66,22.65,22.64,22.63,22.62,13,14,9,62,8,0
2020-01-02 10:52:39,22.66,4.000,9064.000,22.68,22.7,22.71,22.72,22.74,18,8,36,12,5,22.66,22.65,22.64,22.63,22.62,29,7,9,62,28,0
2020-01-02 10:53:30,22.66,31.000,70223.000,22.66,22.68,22.7,22.71,22.72,19,18,15,36,8,22.65,22.64,22.63,22.62,22.61,7,16,62,29,30,0
2020-01-02 10:54:03,22.65,7.000,15855.000,22.65,22.66,22.68,22.7,22.71,2,19,18,15,36,22.64,22.63,22.62,22.61,22.6,16,62,29,30,56,0
2020-01-02 10:54:18,22.65,2.000,4530.000,22.66,22.68,22.7,22.71,22.74,19,18,8,36,5,22.65,22.64,22.63,22.62,22.61,27,16,62,29,30,1
2020-01-02 10:54:27,22.65,10.000,22650.000,22.66,22.68,22.7,22.71,22.74,19,18,8,36,5,22.65,22.64,22.63,22.62,22.61,17,16,62,29,30,0
2020-01-02 10:54:39,22.65,17.000,38505.000,22.65,22.66,22.68,22.7,22.71,83,19,18,8,6,22.64,22.63,22.62,22.61,22.6,16,62,29,30,56,0
2020-01-02 10:54:42,22.64,3.000,6792.000,22.65,22.66,22.68,22.7,22.71,83,19,18,8,6,22.64,22.63,22.62,22.61,22.6,13,62,29,31,56,0
2020-01-02 10:54:54,22.65,1.000,2265.000,22.65,22.66,22.68,22.7,22.71,102,19,18,8,6,22.64,22.63,22.62,22.61,22.6,13,62,29,31,56,1
2020-01-02 10:55:00,22.64,8.000,18112.000,22.65,22.66,22.68,22.7,22.71,102,19,18,8,6,22.64,22.63,22.62,22.61,22.6,5,62,29,31,56,0
2020-01-02 10:55:06,22.65,44.000,99660.000,22.65,22.66,22.68,22.7,22.71,58,19,18,9,6,22.64,22.63,22.62,22.61,22.6,5,62,29,31,56,1
2020-01-02 10:55:21,22.64,5.000,11320.000,22.64,22.65,22.66,22.68,22.7,29,58,19,18,9,22.63,22.62,22.61,22.6,22.59,65,29,41,56,46,0
2020-01-02 10:55:30,22.63,2.000,4526.000,22.64,22.65,22.66,22.68,22.7,29,58,19,18,9,22.63,22.62,22.61,22.6,22.59,63,29,41,113,46,0
2020-01-02 10:55:36,22.62,88.000,199119.000,22.64,22.65,22.66,22.68,22.7,29,58,19,18,9,22.62,22.61,22.6,22.59,22.58,4,41,113,46,110,0
2020-01-02 10:55:39,22.64,5.000,11320.000,22.64,22.65,22.66,22.68,22.7,24,58,19,18,9,22.62,22.61,22.6,22.59,22.58,4,41,113,46,110,1
2020-01-02 10:57:06,22.63,4.000,9052.000,22.64,22.65,22.66,22.68,22.7,16,38,19,18,8,22.62,22.61,22.6,22.59,22.58,14,33,113,46,110,0
2020-01-02 10:57:30,22.64,3.000,6790.000,22.64,22.65,22.66,22.68,22.7,15,38,19,18,10,22.62,22.61,22.6,22.59,22.58,14,33,113,46,110,1
2020-01-02 10:57:48,22.64,10.000,22640.000,22.64,22.65,22.66,22.68,22.7,5,38,19,18,10,22.63,22.62,22.61,22.6,22.59,10,14,33,113,46,1
2020-01-02 10:58:06,22.64,5.000,11320.000,22.65,22.66,22.68,22.7,22.71,38,19,18,9,6,22.64,22.63,22.62,22.61,22.6,41,10,14,33,114,1
2020-01-02 10:58:12,22.65,13.000,29445.000,22.65,22.66,22.68,22.7,22.71,25,19,18,9,6,22.64,22.63,22.62,22.61,22.6,41,10,14,33,114,1
2020-01-02 10:58:24,22.64,2.000,4528.000,22.65,22.66,22.68,22.7,22.71,25,19,18,9,6,22.64,22.63,22.62,22.61,22.6,39,10,14,43,114,0
2020-01-02 10:58:36,22.65,25.000,56625.000,22.66,22.68,22.7,22.71,22.74,19,18,9,6,15,22.64,22.63,22.62,22.61,22.6,39,10,14,53,114,1
2020-01-02 10:58:40,22.66,5.000,11330.000,22.66,22.68,22.7,22.71,22.74,14,18,9,6,15,22.64,22.63,22.62,22.61,22.6,39,10,14,53,114,1
2020-01-02 10:59:00,22.64,4.000,9056.000,22.66,22.68,22.7,22.71,22.73,14,18,9,6,5,22.64,22.63,22.62,22.61,22.6,40,10,14,53,114,0
2020-01-02 10:59:22,22.64,2.000,4528.000,22.66,22.68,22.7,22.71,22.73,14,18,6,6,5,22.64,22.63,22.62,22.61,22.6,38,10,14,53,114,0
2020-01-02 11:00:03,22.66,5.000,11330.000,22.66,22.68,22.7,22.71,22.74,12,5,6,6,15,22.65,22.64,22.63,22.62,22.61,2,59,10,14,53,1
2020-01-02 11:00:18,22.66,10.000,22660.000,22.66,22.68,22.69,22.7,22.71,2,5,31,6,6,22.65,22.64,22.62,22.61,22.6,2,59,14,53,114,1
2020-01-02 11:00:22,22.66,2.000,4555.000,22.68,22.69,22.7,22.71,22.74,5,34,6,6,15,22.66,22.65,22.64,22.62,22.61,2,2,59,14,53,1
2020-01-02 11:01:03,22.66,3.000,6798.000,22.68,22.69,22.7,22.71,22.74,5,37,6,6,8,22.66,22.65,22.64,22.62,22.61,19,2,54,14,53,0
2020-01-02 11:01:36,22.68,12.000,27216.000,22.69,22.7,22.71,22.74,22.75,35,6,6,8,21,22.68,22.66,22.65,22.64,22.62,8,30,27,54,14,1
2020-01-02 11:01:48,22.69,38.000,86222.000,22.7,22.71,22.74,22.75,22.77,6,6,8,21,4,22.69,22.68,22.66,22.65,22.64,2,8,30,27,54,1
2020-01-02 11:01:51,22.69,2.000,4538.000,22.69,22.7,22.71,22.74,22.75,1,6,6,8,21,22.68,22.66,22.65,22.64,22.62,8,30,27,54,14,0
2020-01-02 11:02:48,22.71,42.000,95364.000,22.74,22.75,22.77,22.78,22.79,8,13,4,11,11,22.71,22.68,22.66,22.65,22.64,18,8,30,27,54,1
2020-01-02 11:02:51,22.71,7.000,15897.000,22.74,22.75,22.77,22.78,22.79,8,13,4,11,11,22.71,22.68,22.66,22.65,22.64,11,8,30,27,54,0
2020-01-02 11:03:06,22.72,3.000,6816.000,22.72,22.74,22.75,22.77,22.78,7,26,17,4,11,22.71,22.66,22.65,22.64,22.62,11,30,27,54,14,1
2020-01-02 11:03:15,22.72,9.000,20448.000,22.74,22.75,22.77,22.78,22.79,31,17,4,11,11,22.72,22.66,22.65,22.64,22.62,1,30,27,54,14,1
2020-01-02 11:03:18,22.72,1.000,2272.000,22.74,22.75,22.77,22.78,22.79,31,17,4,11,11,22.66,22.65,22.64,22.62,22.61,30,27,54,14,53,0
2020-01-02 11:03:28,22.72,2.000,4544.000,22.74,22.75,22.77,22.78,22.79,33,17,4,11,11,22.72,22.66,22.65,22.64,22.62,49,30,27,54,14,1
2020-01-02 11:03:33,22.72,1.000,2272.000,22.73,22.74,22.75,22.77,22.78,13,50,17,4,11,22.72,22.66,22.65,22.64,22.62,48,30,27,54,14,0
2020-01-02 11:03:36,22.72,24.000,54528.000,22.73,22.74,22.75,22.77,22.78,21,55,17,4,11,22.72,22.66,22.65,22.64,22.62,24,40,27,54,14,0
2020-01-02 11:03:42,22.72,2.000,4544.000,22.73,22.74,22.75,22.77,22.78,20,55,17,4,11,22.72,22.66,22.65,22.64,22.62,22,40,27,54,14,0
2020-01-02 11:03:45,22.72,19.000,43168.000,22.73,22.74,22.75,22.77,22.78,19,54,17,4,11,22.72,22.66,22.65,22.64,22.62,3,40,27,54,14,0
2020-01-02 11:03:48,22.73,11.000,25003.000,22.73,22.74,22.75,22.77,22.78,8,54,17,4,11,22.72,22.66,22.65,22.64,22.62,3,40,27,54,14,1
2020-01-02 11:04:16,22.72,3.000,6816.000,22.72,22.73,22.74,22.75,22.77,8,8,49,17,4,22.66,22.65,22.64,22.62,22.61,40,27,54,14,53,0
2020-01-02 11:04:57,22.66,12.000,27192.000,22.72,22.73,22.74,22.75,22.77,25,24,7,21,4,22.66,22.65,22.64,22.62,22.61,32,27,54,18,53,0
2020-01-02 11:05:33,22.67,30.000,68010.000,22.72,22.73,22.74,22.75,22.77,24,24,3,21,4,22.66,22.65,22.64,22.62,22.61,35,27,54,18,53,1
2020-01-02 11:05:36,22.66,1.000,2266.000,22.72,22.73,22.74,22.75,22.77,24,24,3,21,4,22.66,22.65,22.64,22.62,22.61,34,27,54,18,53,0
2020-01-02 11:06:51,22.72,4.000,9086.000,22.72,22.73,22.74,22.75,22.77,33,24,3,21,4,22.67,22.66,22.65,22.64,22.62,30,86,27,54,18,1
2020-01-02 11:07:39,22.71,2.000,4542.000,22.71,22.72,22.73,22.74,22.75,20,58,24,3,21,22.67,22.66,22.65,22.64,22.62,30,86,27,54,18,0
2020-01-02 11:08:27,22.68,4.000,9072.000,22.7,22.71,22.72,22.73,22.74,26,55,54,24,3,22.68,22.67,22.66,22.65,22.64,2,30,76,27,54,0
2020-01-02 11:09:21,22.68,5.000,11340.000,22.7,22.71,22.72,22.73,22.74,39,36,22,24,3,22.68,22.67,22.66,22.65,22.64,5,30,76,27,54,0
2020-01-02 11:10:21,22.7,2.000,4540.000,22.7,22.71,22.72,22.74,22.75,37,32,20,3,21,22.69,22.68,22.67,22.66,22.65,7,28,30,76,27,1
2020-01-02 11:10:24,22.7,2.000,4540.000,22.7,22.71,22.72,22.74,22.75,35,32,20,3,21,22.69,22.68,22.67,22.66,22.65,7,28,30,76,27,1
2020-01-02 11:10:33,22.7,7.000,15890.000,22.7,22.71,22.72,22.73,22.74,29,32,20,2,3,22.68,22.67,22.66,22.65,22.64,28,30,76,27,54,1
2020-01-02 11:11:18,22.7,3.000,6810.000,22.7,22.71,22.72,22.73,22.74,46,4,20,2,3,22.68,22.67,22.66,22.65,22.64,28,30,73,27,54,1
2020-01-02 11:11:36,22.7,13.000,29510.000,22.7,22.71,22.72,22.73,22.74,33,4,20,2,3,22.68,22.67,22.66,22.65,22.64,15,30,72,27,54,1
2020-01-02 11:11:57,22.68,2.000,4536.000,22.7,22.71,22.72,22.73,22.74,33,17,20,2,3,22.68,22.67,22.66,22.65,22.64,13,30,72,27,54,0
2020-01-02 11:12:36,22.68,13.000,29484.000,22.68,22.69,22.7,22.71,22.72,11,3,33,17,20,22.67,22.66,22.65,22.64,22.62,30,72,27,54,18,0
2020-01-02 11:12:54,22.68,1.000,2268.000,22.68,22.7,22.71,22.72,22.73,10,33,17,13,2,22.67,22.66,22.65,22.64,22.62,30,72,27,54,18,1
2020-01-02 11:13:09,22.67,3.000,6801.000,22.68,22.7,22.71,22.72,22.73,20,33,17,13,2,22.67,22.66,22.65,22.64,22.62,27,72,27,54,18,0
2020-01-02 11:13:16,22.67,1.000,2267.000,22.68,22.7,22.71,22.72,22.73,20,33,17,13,2,22.67,22.66,22.65,22.64,22.62,26,72,27,54,18,0
2020-01-02 11:13:30,22.67,26.000,58942.000,22.67,22.68,22.7,22.71,22.72,6,20,33,17,13,22.66,22.65,22.64,22.62,22.61,72,27,54,18,53,0
2020-01-02 11:13:43,22.66,60.000,135960.000,22.67,22.68,22.7,22.71,22.72,6,10,33,17,13,22.66,22.65,22.64,22.62,22.61,12,27,54,18,53,0
2020-01-02 11:14:36,22.66,13.000,29435.000,22.66,22.69,22.7,22.71,22.72,19,6,46,4,13,22.65,22.64,22.62,22.61,22.6,27,54,18,53,117,0
2020-01-02 11:14:43,22.66,14.000,31724.000,22.66,22.69,22.7,22.71,22.72,5,6,46,4,13,22.65,22.64,22.62,22.61,22.6,40,54,18,53,117,1
2020-01-02 11:14:45,22.66,2.000,4532.000,22.66,22.69,22.7,22.71,22.72,3,6,46,4,13,22.65,22.64,22.62,22.61,22.6,40,54,18,53,117,1
2020-01-02 11:14:49,22.66,1.000,2266.000,22.66,22.69,22.7,22.71,22.72,2,6,46,4,13,22.65,22.64,22.62,22.61,22.6,40,54,18,53,117,1
2020-01-02 11:14:57,22.66,2.000,4555.000,22.7,22.71,22.72,22.75,22.77,46,4,13,17,4,22.66,22.65,22.64,22.62,22.61,8,46,54,18,53,1
2020-01-02 11:15:09,22.66,6.000,13596.000,22.7,22.71,22.72,22.75,22.77,46,4,13,17,4,22.66,22.65,22.64,22.62,22.61,8,50,54,18,53,0
2020-01-02 11:15:27,22.66,8.000,18134.000,22.69,22.7,22.71,22.72,22.75,5,46,4,13,17,22.66,22.65,22.64,22.62,22.61,6,50,54,18,53,0
2020-01-02 11:15:51,22.66,7.000,15839.000,22.66,22.68,22.69,22.7,22.71,25,8,7,33,4,22.65,22.64,22.62,22.61,22.6,50,54,18,53,118,0
2020-01-02 11:15:55,22.66,10.000,22660.000,22.66,22.68,22.69,22.7,22.71,15,8,7,33,4,22.65,22.64,22.62,22.61,22.6,50,54,18,53,118,1
2020-01-02 11:16:03,22.66,24.000,54384.000,22.66,22.68,22.69,22.7,22.71,4,8,7,33,4,22.65,22.64,22.62,22.61,22.6,44,54,18,53,118,1
2020-01-02 11:16:09,22.66,4.000,9087.000,22.68,22.69,22.7,22.71,22.72,8,7,33,4,13,22.66,22.65,22.64,22.62,22.61,0,44,56,18,53,1
2020-01-02 11:16:12,22.65,28.000,63421.000,22.68,22.69,22.7,22.71,22.72,8,7,33,4,13,22.65,22.64,22.62,22.61,22.6,16,56,18,53,118,0
2020-01-02 11:16:48,22.65,4.000,9060.000,22.68,22.69,22.7,22.71,22.72,8,7,33,5,13,22.65,22.64,22.62,22.61,22.6,12,56,18,53,118,0
2020-01-02 11:16:51,22.65,5.000,11325.000,22.68,22.69,22.7,22.71,22.72,8,7,33,5,13,22.65,22.64,22.62,22.61,22.6,7,56,18,53,118,0
2020-01-02 11:16:57,22.68,2.000,4536.000,22.68,22.69,22.7,22.71,22.72,6,7,33,5,13,22.65,22.64,22.62,22.61,22.6,7,56,18,53,118,1
2020-01-02 11:17:33,22.68,6.000,13608.000,22.69,22.7,22.71,22.72,22.75,7,33,5,13,9,22.68,22.65,22.64,22.62,22.61,14,57,58,18,53,1
2020-01-02 11:17:54,22.68,9.000,20412.000,22.69,22.7,22.71,22.72,22.75,7,33,5,13,9,22.68,22.65,22.64,22.62,22.61,5,57,58,18,53,0
2020-01-02 11:18:18,22.68,5.000,11340.000,22.69,22.7,22.71,22.72,22.75,7,33,5,13,9,22.68,22.67,22.65,22.64,22.62,2,18,57,58,18,0
2020-01-02 11:18:24,22.68,2.000,4536.000,22.68,22.69,22.7,22.71,22.72,10,7,33,5,13,22.67,22.65,22.64,22.62,22.61,18,57,58,18,53,0
2020-01-02 11:19:21,22.67,25.000,56675.000,22.68,22.69,22.7,22.71,22.72,15,2,33,5,29,22.67,22.65,22.64,22.62,22.61,9,60,58,18,53,0
2020-01-02 11:19:36,22.67,7.000,15869.000,22.68,22.69,22.7,22.71,22.72,15,2,33,5,29,22.67,22.65,22.64,22.62,22.61,2,60,58,18,53,0
2020-01-02 11:19:39,22.67,2.000,4534.000,22.67,22.68,22.69,22.7,22.71,3,15,2,33,5,22.65,22.64,22.62,22.61,22.6,60,58,18,53,118,0
2020-01-02 11:19:48,22.65,12.000,27190.000,22.67,22.68,22.69,22.7,22.71,3,19,2,33,5,22.65,22.64,22.62,22.61,22.6,58,58,18,53,118,0
2020-01-02 11:20:13,22.66,6.000,13596.000,22.67,22.68,22.69,22.7,22.71,3,19,2,21,5,22.66,22.65,22.64,22.62,22.61,1,68,58,18,52,1
2020-01-02 11:20:15,22.65,12.000,27181.000,22.67,22.68,22.69,22.7,22.71,3,19,2,21,5,22.65,22.64,22.62,22.61,22.6,57,58,18,52,118,0
2020-01-02 11:20:24,22.65,26.000,58900.000,22.67,22.68,22.69,22.7,22.71,3,19,2,21,5,22.65,22.64,22.62,22.61,22.6,41,58,18,52,118,0
2020-01-02 11:20:28,22.65,15.000,33975.000,22.67,22.68,22.69,22.7,22.71,3,19,2,21,5,22.65,22.64,22.62,22.61,22.6,26,58,18,52,118,0
2020-01-02 11:20:36,22.66,10.000,22660.000,22.67,22.68,22.69,22.7,22.71,3,19,2,21,5,22.65,22.64,22.62,22.61,22.6,26,58,18,52,118,1
2020-01-02 11:21:00,22.66,9.000,20394.000,22.66,22.67,22.68,22.69,22.7,3,3,19,2,21,22.65,22.64,22.62,22.61,22.6,26,58,18,42,118,1
2020-01-02 11:21:24,22.66,13.000,29458.000,22.67,22.68,22.69,22.7,22.71,3,19,2,28,4,22.66,22.65,22.64,22.62,22.61,8,29,58,18,52,1
2020-01-02 11:21:42,22.66,8.000,18128.000,22.67,22.68,22.69,22.7,22.71,3,19,2,9,4,22.66,22.65,22.64,22.62,22.61,13,29,58,18,52,0
2020-01-02 11:21:48,22.66,4.000,9067.000,22.68,22.69,22.7,22.71,22.72,19,2,9,4,29,22.66,22.65,22.64,22.62,22.61,12,29,58,18,52,0
2020-01-02 11:21:54,22.66,4.000,9064.000,22.68,22.69,22.7,22.71,22.72,19,2,9,4,29,22.66,22.65,22.64,22.62,22.61,8,29,58,18,52,0
2020-01-02 11:21:57,22.66,2.000,4532.000,22.68,22.69,22.7,22.71,22.72,39,2,9,4,29,22.66,22.65,22.64,22.62,22.61,6,35,58,18,52,0
2020-01-02 11:22:00,22.68,44.000,99782.000,22.69,22.7,22.71,22.72,22.75,2,9,4,29,9,22.68,22.66,22.65,22.64,22.62,1,1,35,58,18,1
2020-01-02 11:22:09,22.66,5.000,11332.000,22.66,22.69,22.7,22.71,22.72,4,2,9,4,29,22.65,22.64,22.62,22.61,22.6,35,58,18,52,118,0
2020-01-02 11:22:12,22.66,4.000,9064.000,22.69,22.7,22.71,22.72,22.75,2,9,4,29,9,22.66,22.65,22.64,22.62,22.61,10,35,58,18,52,1
2020-01-02 11:22:24,22.68,7.000,15876.000,22.68,22.69,22.7,22.71,22.72,3,2,9,4,29,22.66,22.65,22.64,22.62,22.61,10,35,58,18,52,1
2020-01-02 11:22:30,22.68,1.000,2268.000,22.68,22.69,22.7,22.71,22.72,2,2,9,4,29,22.66,22.65,22.64,22.62,22.61,10,35,58,18,52,1
2020-01-02 11:22:54,22.68,42.000,95176.000,22.69,22.7,22.71,22.72,22.75,2,9,4,29,9,22.68,22.65,22.64,22.62,22.61,1,35,56,18,52,1
2020-01-02 11:22:57,22.68,1.000,2268.000,22.66,22.69,22.7,22.71,22.72,14,2,9,4,29,22.65,22.64,22.62,22.61,22.6,35,56,18,52,118,0
2020-01-02 11:23:03,22.66,5.000,11330.000,22.66,22.67,22.69,22.7,22.71,9,5,2,9,4,22.65,22.64,22.62,22.61,22.6,35,56,18,52,118,0
2020-01-02 11:23:12,22.66,2.000,4532.000,22.66,22.67,22.69,22.7,22.71,7,5,2,9,4,22.65,22.64,22.62,22.61,22.6,35,56,18,52,118,1
2020-01-02 11:23:21,22.65,5.000,11325.000,22.66,22.67,22.69,22.7,22.71,7,5,2,9,4,22.65,22.64,22.62,22.61,22.6,30,56,18,52,118,0
2020-01-02 11:23:24,22.66,7.000,15862.000,22.67,22.69,22.7,22.71,22.72,5,2,9,4,29,22.66,22.65,22.64,22.62,22.61,11,30,56,18,52,1
2020-01-02 11:23:51,22.66,26.000,58916.000,22.66,22.68,22.69,22.7,22.71,4,30,9,9,4,22.65,22.64,22.62,22.61,22.6,32,56,18,52,118,0
2020-01-02 11:23:57,22.66,8.000,18128.000,22.66,22.68,22.69,22.7,22.71,41,30,9,9,4,22.65,22.64,22.62,22.61,22.6,32,56,18,52,118,1
2020-01-02 11:24:15,22.66,11.000,24926.000,22.66,22.68,22.69,22.7,22.71,40,30,9,9,4,22.65,22.64,22.62,22.61,22.6,32,56,18,52,118,1
2020-01-02 11:24:24,22.66,1.000,2266.000,22.66,22.68,22.69,22.7,22.71,39,30,9,9,4,22.65,22.64,22.62,22.61,22.6,32,56,18,54,118,1
2020-01-02 11:24:30,22.64,45.000,101913.000,22.66,22.68,22.69,22.7,22.71,39,30,9,9,4,22.64,22.62,22.61,22.6,22.59,43,18,54,118,41,0
2020-01-02 11:24:42,22.64,28.000,63392.000,22.66,22.68,22.69,22.7,22.71,49,30,9,9,4,22.64,22.62,22.61,22.6,22.59,15,18,54,118,41,0
2020-01-02 11:25:06,22.64,12.000,27168.000,22.65,22.66,22.68,22.69,22.7,12,49,30,9,9,22.64,22.62,22.61,22.6,22.59,3,18,54,61,41,0
2020-01-02 11:25:09,22.64,4.000,9033.000,22.64,22.65,22.66,22.68,22.69,2,12,49,30,9,22.62,22.61,22.6,22.59,22.58,18,54,61,41,19,0
2020-01-02 11:25:15,22.62,5.000,11310.000,22.64,22.66,22.68,22.69,22.7,2,49,30,9,9,22.62,22.61,22.6,22.59,22.58,13,54,61,41,19,0
2020-01-02 11:25:21,22.61,14.000,31667.000,22.64,22.66,22.68,22.69,22.7,2,49,30,9,9,22.61,22.6,22.59,22.58,22.57,53,61,41,19,1,0
2020-01-02 11:25:30,22.61,12.000,27132.000,22.63,22.64,22.66,22.68,22.69,20,2,49,30,9,22.61,22.6,22.59,22.58,22.57,41,61,41,19,1,0
2020-01-02 11:25:36,22.63,20.000,45240.000,22.63,22.64,22.66,22.68,22.69,10,2,49,30,9,22.61,22.6,22.59,22.58,22.57,31,61,41,19,1,1
2020-01-02 11:25:45,22.63,7.000,15841.000,22.63,22.64,22.66,22.68,22.69,3,2,49,30,9,22.61,22.6,22.59,22.58,22.57,31,128,41,19,1,1
2020-01-02 11:25:48,22.61,28.000,63308.000,22.63,22.64,22.66,22.68,22.69,3,2,49,30,9,22.61,22.6,22.59,22.58,22.57,2,128,41,19,1,0
2020-01-02 11:26:04,22.61,2.000,4522.000,22.61,22.63,22.64,22.66,22.68,87,3,2,49,30,22.6,22.59,22.58,22.57,22.56,147,34,19,1,10,0
2020-01-02 11:26:06,22.6,147.000,332220.000,22.6,22.61,22.63,22.64,22.66,53,87,3,2,49,22.59,22.58,22.57,22.56,22.55,34,19,1,10,20,0
2020-01-02 11:26:09,22.6,26.000,58760.000,22.6,22.61,22.63,22.64,22.66,27,87,3,2,49,22.59,22.58,22.57,22.56,22.55,34,19,1,10,20,1
2020-01-02 11:26:18,22.6,11.000,24860.000,22.6,22.61,22.63,22.64,22.66,16,93,3,2,49,22.59,22.58,22.57,22.56,22.55,34,19,1,10,20,1
2020-01-02 11:26:30,22.59,6.000,13554.000,22.6,22.61,22.63,22.64,22.66,16,93,3,2,49,22.59,22.58,22.57,22.56,22.55,28,19,1,10,20,0
2020-01-02 11:26:33,22.59,7.000,15813.000,22.6,22.61,22.63,22.64,22.66,19,93,3,2,49,22.59,22.58,22.57,22.56,22.55,21,19,1,10,20,0
2020-01-02 11:26:36,22.6,1.000,2260.000,22.6,22.61,22.63,22.64,22.66,18,93,3,2,49,22.59,22.58,22.57,22.56,22.55,21,19,1,10,20,1
2020-01-02 11:26:40,22.59,4.000,9036.000,22.6,22.61,22.63,22.64,22.66,18,93,3,2,49,22.59,22.58,22.57,22.56,22.55,17,19,1,10,20,0
2020-01-02 11:26:43,22.6,10.000,22600.000,22.6,22.61,22.63,22.64,22.66,8,93,3,2,49,22.59,22.58,22.57,22.56,22.55,26,19,1,10,20,1
2020-01-02 11:26:45,22.59,40.000,90374.000,22.61,22.63,22.64,22.66,22.68,93,3,2,49,30,22.58,22.57,22.56,22.55,22.53,19,1,10,20,7,0
2020-01-02 11:27:00,22.58,14.000,31612.000,22.59,22.6,22.61,22.63,22.64,5,5,93,3,2,22.58,22.57,22.56,22.55,22.53,5,1,10,20,7,0
2020-01-02 11:27:03,22.59,9.000,20327.000,22.59,22.6,22.61,22.63,22.64,41,5,93,3,2,22.58,22.57,22.56,22.55,22.53,1,1,10,20,7,1
2020-01-02 11:27:09,22.58,1.000,2258.000,22.58,22.59,22.6,22.61,22.63,4,41,5,93,3,22.57,22.56,22.55,22.53,22.52,1,10,20,7,1,0
2020-01-02 11:27:15,22.57,1.000,2257.000,22.57,22.58,22.59,22.6,22.61,19,4,41,5,87,22.56,22.55,22.53,22.52,22.51,10,20,7,1,20,0
2020-01-02 11:27:30,22.56,3.000,6768.000,22.57,22.58,22.6,22.61,22.63,19,4,55,87,3,22.56,22.55,22.53,22.52,22.51,7,20,7,1,20,0
2020-01-02 11:27:33,22.56,1.000,2256.000,22.57,22.58,22.6,22.61,22.63,19,4,55,87,3,22.56,22.55,22.53,22.52,22.51,10,20,7,1,20,0
2020-01-02 11:27:39,22.57,14.000,31594.000,22.57,22.58,22.6,22.61,22.63,9,4,55,87,3,22.56,22.55,22.53,22.52,22.51,6,20,7,1,20,1
2020-01-02 11:27:51,22.56,11.000,24818.000,22.56,22.57,22.58,22.6,22.61,6,25,4,59,87,22.55,22.53,22.52,22.51,22.5,20,7,1,20,208,0
2020-01-02 11:27:57,22.56,20.000,45120.000,22.57,22.58,22.6,22.61,22.63,25,4,59,87,3,22.56,22.55,22.53,22.52,22.51,10,20,7,1,20,1
2020-01-02 11:28:03,22.57,1.000,2257.000,22.57,22.58,22.6,22.61,22.63,24,4,59,87,3,22.56,22.55,22.53,22.52,22.51,10,20,7,1,19,1
2020-01-02 11:28:09,22.56,10.000,22560.000,22.56,22.57,22.58,22.6,22.61,4,24,4,59,87,22.55,22.53,22.52,22.51,22.5,20,7,1,19,208,0
2020-01-02 11:28:21,22.55,3.000,6765.000,22.56,22.57,22.58,22.6,22.61,9,24,4,54,87,22.55,22.53,22.52,22.51,22.5,17,7,1,19,208,0
2020-01-02 11:28:24,22.56,3.000,6768.000,22.56,22.57,22.58,22.6,22.61,6,24,4,54,87,22.55,22.53,22.52,22.51,22.5,17,7,1,19,208,1
2020-01-02 11:28:27,22.55,16.000,36080.000,22.56,22.57,22.58,22.6,22.61,6,24,4,54,87,22.55,22.53,22.52,22.51,22.5,1,7,1,19,208,0
2020-01-02 11:28:30,22.55,1.000,2255.000,22.56,22.57,22.58,22.6,22.61,5,24,4,54,87,22.53,22.52,22.51,22.5,22.48,7,1,19,208,10,0
2020-01-02 11:28:33,22.56,5.000,11280.000,22.57,22.58,22.6,22.61,22.63,24,4,54,87,3,22.56,22.53,22.52,22.51,22.5,8,7,1,19,208,1
2020-01-02 11:28:39,22.56,2.000,4512.000,22.57,22.58,22.6,22.61,22.63,24,4,54,87,3,22.56,22.53,22.52,22.51,22.5,35,7,1,109,208,0
2020-01-02 11:28:45,22.57,10.000,22570.000,22.57,22.58,22.6,22.61,22.63,34,4,54,87,3,22.56,22.53,22.52,22.51,22.5,35,7,1,109,208,1
2020-01-02 11:28:51,22.56,13.000,29331.000,22.57,22.58,22.6,22.61,22.63,31,4,54,87,3,22.56,22.53,22.52,22.51,22.5,25,7,1,109,209,0
2020-01-02 11:28:58,22.56,3.000,6768.000,22.57,22.58,22.6,22.61,22.63,31,4,54,87,3,22.56,22.53,22.52,22.51,22.5,25,7,1,109,209,0
2020-01-02 11:29:03,22.56,25.000,56400.000,22.56,22.57,22.58,22.6,22.61,1,31,4,54,87,22.53,22.52,22.51,22.5,22.48,7,1,109,209,10,0
2020-01-02 11:29:15,22.51,50.000,112568.000,22.56,22.57,22.58,22.6,22.61,1,11,4,54,87,22.51,22.5,22.48,22.47,22.46,70,209,10,1,1,0
2020-01-02 11:29:18,22.56,1.000,2256.000,22.57,22.58,22.6,22.61,22.63,11,4,54,87,3,22.56,22.51,22.5,22.48,22.47,4,70,209,10,1,1
2020-01-02 11:29:24,22.56,1.000,3609.000,22.57,22.58,22.6,22.61,22.63,11,4,54,87,3,22.56,22.51,22.5,22.48,22.47,2,70,209,10,1,0
2020-01-02 11:29:40,22.56,5.000,9927.000,22.56,22.57,22.58,22.6,22.61,4,11,4,54,87,22.51,22.5,22.48,22.47,22.46,70,209,10,1,1,0
2020-01-02 11:29:55,22.51,30.000,67530.000,22.56,22.57,22.58,22.6,22.61,4,11,4,54,87,22.51,22.5,22.48,22.47,22.46,40,209,10,1,1,0
2020-01-02 13:00:03,22.56,165.000,372718.000,22.58,22.6,22.61,22.63,22.64,4,54,87,3,2,22.56,22.52,22.5,22.48,22.47,26,45,110,77,1,1
2020-01-02 13:00:06,22.51,73.000,163150.000,22.56,22.58,22.59,22.6,22.61,3,14,10,54,87,22.51,22.5,22.48,22.47,22.46,13,110,79,1,34,0
2020-01-02 13:00:09,22.51,1.000,2251.000,22.56,22.58,22.59,22.6,22.61,2,14,10,64,87,22.51,22.5,22.48,22.47,22.46,12,110,79,1,34,0
2020-01-02 13:00:12,22.51,1.000,2251.000,22.56,22.58,22.59,22.6,22.61,2,14,10,64,87,22.51,22.5,22.48,22.47,22.46,11,110,79,1,34,0
2020-01-02 13:00:21,22.51,2.000,4502.000,22.56,22.58,22.59,22.6,22.61,2,14,10,64,87,22.51,22.5,22.48,22.47,22.46,13,110,79,1,34,0
2020-01-02 13:00:24,22.51,1.000,2251.000,22.56,22.58,22.59,22.6,22.61,2,14,10,54,87,22.51,22.5,22.48,22.47,22.46,12,110,79,1,34,0
2020-01-02 13:00:33,22.51,1.000,2251.000,22.56,22.58,22.59,22.6,22.61,2,14,10,54,87,22.51,22.5,22.48,22.47,22.46,11,110,79,1,34,0
2020-01-02 13:00:42,22.51,10.000,22510.000,22.56,22.58,22.59,22.6,22.61,12,14,10,54,87,22.51,22.5,22.48,22.47,22.46,1,110,79,1,34,0
2020-01-02 13:00:45,22.5,4.000,9001.000,22.56,22.58,22.59,22.6,22.61,12,14,10,54,87,22.5,22.48,22.47,22.46,22.45,107,79,1,34,36,0
2020-01-02 13:00:54,22.5,2.000,4500.000,22.56,22.58,22.59,22.6,22.61,12,14,10,54,87,22.5,22.48,22.47,22.46,22.45,105,79,1,34,36,0
2020-01-02 13:00:57,22.5,105.000,236250.000,22.5,22.56,22.58,22.59,22.6,59,12,14,10,54,22.48,22.47,22.46,22.45,22.44,79,1,34,36,1,0
2020-01-02 13:01:00,22.5,2.000,4500.000,22.5,22.56,22.58,22.59,22.6,57,12,14,10,54,22.48,22.47,22.46,22.45,22.44,79,1,34,36,1,1
2020-01-02 13:01:03,22.48,4.000,8992.000,22.5,22.56,22.58,22.59,22.6,78,12,14,10,54,22.48,22.47,22.46,22.45,22.44,75,1,34,36,1,0
2020-01-02 13:01:06,22.5,37.000,83236.000,22.5,22.56,22.58,22.59,22.6,48,12,14,10,54,22.48,22.47,22.46,22.45,22.44,68,1,34,36,1,1
2020-01-02 13:01:09,22.5,17.000,38236.000,22.5,22.56,22.58,22.59,22.6,38,12,14,10,54,22.48,22.47,22.46,22.45,22.44,61,1,34,28,1,1
2020-01-02 13:01:18,22.49,1.000,2249.000,22.5,22.56,22.58,22.59,22.6,54,12,14,10,54,22.49,22.48,22.47,22.46,22.45,3,61,1,34,28,0
2020-01-02 13:01:21,22.49,3.000,6747.000,22.49,22.5,22.56,22.58,22.59,2,54,12,14,10,22.48,22.47,22.46,22.45,22.44,61,1,34,28,1,0
2020-01-02 13:01:24,22.5,22.000,49498.000,22.5,22.56,22.58,22.59,22.6,33,12,14,10,54,22.48,22.47,22.46,22.45,22.44,61,1,34,28,1,1
2020-01-02 13:01:33,22.48,20.000,44960.000,22.49,22.5,22.56,22.58,22.59,8,34,12,14,10,22.48,22.47,22.46,22.45,22.44,41,1,34,28,1,0
2020-01-02 13:01:39,22.49,9.000,20240.000,22.5,22.56,22.58,22.59,22.6,33,2,14,10,54,22.49,22.48,22.47,22.46,22.45,32,40,1,34,28,1
2020-01-02 13:01:48,22.49,29.000,65221.000,22.5,22.56,22.58,22.59,22.6,27,2,14,10,54,22.49,22.48,22.47,22.46,22.45,7,40,1,34,28,0
2020-01-02 13:01:57,22.49,1.000,2249.000,22.5,22.56,22.58,22.59,22.6,27,2,14,10,54,22.49,22.48,22.47,22.46,22.45,7,61,1,34,29,0
2020-01-02 13:02:00,22.49,6.000,13494.000,22.5,22.56,22.58,22.59,22.6,27,2,14,10,54,22.49,22.48,22.47,22.46,22.45,1,61,1,34,29,0
2020-01-02 13:02:03,22.49,1.000,2249.000,22.49,22.5,22.56,22.58,22.59,37,27,2,14,10,22.48,22.47,22.46,22.45,22.44,61,1,34,29,1,0
2020-01-02 13:02:09,22.48,72.000,161867.000,22.48,22.49,22.5,22.56,22.58,4,26,27,2,14,22.47,22.46,22.45,22.44,22.43,1,34,29,1,12,0
2020-01-02 13:02:24,22.47,1.000,2247.000,22.47,22.48,22.49,22.5,22.56,9,25,25,17,2,22.46,22.45,22.44,22.43,22.42,34,29,1,12,9,0
2020-01-02 13:02:27,22.46,34.000,76364.000,22.46,22.47,22.48,22.49,22.5,1,9,24,25,17,22.45,22.44,22.43,22.42,22.41,29,1,12,9,16,0
2020-01-02 13:02:31,22.46,2.000,4492.000,22.47,22.48,22.49,22.5,22.56,9,24,25,17,2,22.46,22.45,22.44,22.43,22.42,64,74,1,12,9,1
2020-01-02 13:02:36,22.46,1.000,2246.000,22.47,22.48,22.49,22.5,22.56,9,24,25,17,2,22.46,22.45,22.44,22.43,22.42,5,74,1,12,9,0
2020-01-02 13:02:39,22.46,10.000,22460.000,22.47,22.48,22.49,22.5,22.56,9,24,25,17,2,22.45,22.44,22.43,22.42,22.41,81,1,12,9,16,0
2020-01-02 13:02:48,22.46,38.000,85328.000,22.46,22.47,22.48,22.49,22.5,56,9,4,8,17,22.45,22.44,22.43,22.42,22.41,64,66,12,9,16,1
2020-01-02 13:02:54,22.46,6.000,13476.000,22.46,22.47,22.48,22.49,22.5,50,9,4,8,17,22.45,22.44,22.43,22.42,22.41,64,66,12,9,16,1
2020-01-02 13:02:57,22.45,17.000,38167.000,22.46,22.47,22.48,22.49,22.5,48,9,4,8,17,22.45,22.44,22.43,22.42,22.41,49,66,12,9,16,0
2020-01-02 13:03:00,22.45,26.000,58370.000,22.46,22.47,22.48,22.49,22.5,65,9,4,8,17,22.45,22.44,22.43,22.42,22.41,23,66,12,9,16,0
2020-01-02 13:03:03,22.45,22.000,49390.000,22.46,22.47,22.48,22.49,22.5,65,9,4,8,17,22.45,22.44,22.43,22.42,22.41,1,66,12,9,16,0
2020-01-02 13:03:09,22.44,5.000,11221.000,22.45,22.46,22.48,22.49,22.5,10,65,4,8,17,22.44,22.43,22.42,22.41,22.4,62,12,9,16,39,0
2020-01-02 13:03:15,22.45,3.000,6735.000,22.45,22.46,22.49,22.56,22.58,7,65,8,2,14,22.44,22.43,22.42,22.41,22.4,62,12,9,16,39,1
2020-01-02 13:03:21,22.45,7.000,15715.000,22.46,22.49,22.56,22.58,22.59,65,8,2,14,10,22.44,22.43,22.42,22.41,22.4,62,12,9,16,39,1
2020-01-02 13:03:39,22.45,65.000,145976.000,22.49,22.56,22.58,22.59,22.6,8,2,14,10,54,22.45,22.44,22.43,22.42,22.41,116,62,12,9,16,0
2020-01-02 13:03:45,22.45,9.000,20205.000,22.49,22.56,22.58,22.59,22.6,8,2,14,10,54,22.45,22.44,22.43,22.42,22.41,112,62,12,9,16,0
2020-01-02 13:03:54,22.45,3.000,6735.000,22.48,22.49,22.56,22.58,22.59,4,8,2,14,10,22.46,22.45,22.44,22.43,22.42,2,109,6,12,9,0
2020-01-02 13:04:03,22.48,5.000,11238.000,22.49,22.56,22.58,22.59,22.6,8,2,14,10,54,22.46,22.45,22.44,22.43,22.42,11,171,6,12,9,1
2020-01-02 13:04:06,22.49,8.000,17992.000,22.56,22.58,22.59,22.6,22.61,2,14,10,54,87,22.46,22.45,22.44,22.43,22.42,16,171,6,57,9,1
2020-01-02 13:04:45,22.49,4.000,8996.000,22.49,22.56,22.58,22.59,22.6,6,2,14,10,54,22.48,22.47,22.46,22.45,22.44,16,46,56,113,14,0
2020-01-02 13:04:48,22.49,6.000,13494.000,22.56,22.58,22.59,22.6,22.61,2,14,10,54,87,22.48,22.47,22.46,22.45,22.44,16,24,56,113,14,1
2020-01-02 13:05:00,22.48,37.000,83188.000,22.56,22.58,22.59,22.6,22.61,2,14,10,54,87,22.48,22.47,22.46,22.45,22.44,67,24,16,113,14,0
2020-01-02 13:05:03,22.48,2.000,4496.000,22.56,22.58,22.59,22.6,22.61,2,14,10,54,87,22.49,22.48,22.47,22.46,22.45,10,65,24,16,113,0
2020-01-02 13:05:39,22.56,5.000,11280.000,22.56,22.58,22.59,22.6,22.61,2,14,10,54,87,22.5,22.49,22.48,22.47,22.46,61,10,4,24,16,1
2020-01-02 13:05:51,22.55,1.000,2255.000,22.55,22.56,22.58,22.59,22.6,55,2,14,10,54,22.51,22.5,22.49,22.48,22.47,45,61,14,4,24,0
2020-01-02 13:05:57,22.55,2.000,4510.000,22.55,22.56,22.58,22.59,22.6,53,2,14,10,54,22.51,22.5,22.49,22.48,22.47,45,61,14,4,24,1
2020-01-02 13:06:21,22.55,5.000,11275.000,22.55,22.56,22.58,22.59,22.6,52,2,14,10,54,22.51,22.5,22.49,22.48,22.47,45,71,14,4,24,1
2020-01-02 13:06:36,22.55,3.000,6765.000,22.55,22.56,22.58,22.59,22.6,49,2,14,10,54,22.51,22.5,22.49,22.48,22.47,46,71,14,4,24,1
2020-01-02 13:06:42,22.55,53.000,119515.000,22.56,22.58,22.59,22.6,22.61,2,14,10,54,87,22.55,22.51,22.5,22.49,22.48,72,46,71,14,4,1
2020-01-02 13:06:48,22.55,5.000,11275.000,22.56,22.58,22.59,22.6,22.61,2,14,10,54,87,22.55,22.5,22.49,22.48,22.47,73,71,4,4,24,0
2020-01-02 13:07:06,22.56,2.000,5866.000,22.57,22.58,22.59,22.6,22.61,22,14,10,54,87,22.56,22.55,22.5,22.49,22.48,1,86,71,4,4,1
2020-01-02 13:07:09,22.56,1.000,2256.000,22.57,22.58,22.59,22.6,22.61,29,14,10,54,87,22.56,22.55,22.5,22.49,22.48,0,86,71,4,4,0
2020-01-02 13:07:21,22.5,98.000,219565.000,22.5,22.56,22.57,22.58,22.59,5,0,32,46,10,22.49,22.48,22.47,22.46,22.45,4,4,24,15,114,0
2020-01-02 13:07:27,22.5,5.000,11250.000,22.5,22.56,22.57,22.58,22.6,0,0,30,41,54,22.49,22.48,22.47,22.46,22.45,4,4,24,15,114,1
2020-01-02 13:07:45,22.5,7.000,15728.000,22.5,22.56,22.58,22.6,22.61,12,10,25,54,87,22.49,22.48,22.47,22.46,22.45,4,26,24,10,114,0
2020-01-02 13:08:00,22.49,8.000,17992.000,22.5,22.52,22.56,22.58,22.6,32,5,18,14,54,22.49,22.48,22.47,22.46,22.45,53,26,24,10,114,0
2020-01-02 13:08:06,22.49,4.000,8996.000,22.5,22.52,22.56,22.58,22.6,32,5,18,14,54,22.49,22.48,22.47,22.46,22.45,49,26,24,10,124,0
2020-01-02 13:08:12,22.49,38.000,85493.000,22.5,22.52,22.56,22.58,22.6,0,5,18,14,59,22.49,22.48,22.47,22.46,22.45,43,26,24,10,124,0
2020-01-02 13:08:15,22.49,43.000,96708.000,22.49,22.5,22.52,22.56,22.58,6,0,5,18,14,22.48,22.47,22.46,22.45,22.44,4,24,10,124,14,0
2020-01-02 13:08:18,22.5,7.000,15764.000,22.52,22.56,22.58,22.6,22.61,5,18,14,59,87,22.5,22.48,22.47,22.46,22.45,0,4,24,10,124,1
2020-01-02 13:08:27,22.5,1.000,2228.000,22.5,22.52,22.56,22.58,22.6,7,5,18,14,59,22.49,22.48,22.47,22.46,22.45,10,4,24,32,124,0
2020-01-02 13:08:36,22.5,2.000,4500.000,22.5,22.52,22.56,22.58,22.6,5,5,18,14,59,22.49,22.48,22.47,22.46,22.45,10,4,24,32,124,1
2020-01-02 13:08:45,22.5,5.000,11272.000,22.52,22.55,22.56,22.58,22.6,5,4,18,14,59,22.5,22.49,22.48,22.47,22.46,4,10,6,34,32,1
2020-01-02 13:08:51,22.5,5.000,11228.000,22.5,22.52,22.55,22.56,22.58,45,5,4,18,14,22.49,22.48,22.47,22.46,22.45,10,6,34,32,124,0
2020-01-02 13:08:57,22.49,12.000,26992.000,22.49,22.5,22.52,22.55,22.56,10,43,5,4,18,22.48,22.47,22.46,22.45,22.44,6,34,32,124,14,0
2020-01-02 13:09:00,22.5,22.000,49488.000,22.49,22.5,22.52,22.55,22.56,10,31,5,4,18,22.48,22.47,22.46,22.45,22.44,6,34,32,124,14,1
2020-01-02 13:09:24,22.5,42.000,94512.000,22.52,22.55,22.56,22.58,22.6,5,11,18,14,59,22.5,22.49,22.48,22.47,22.46,41,11,11,38,32,1
2020-01-02 13:10:06,22.5,74.000,166500.000,22.5,22.52,22.55,22.56,22.57,276,5,11,18,1,22.49,22.48,22.47,22.46,22.45,21,11,38,63,124,0
2020-01-02 13:10:09,22.5,4.000,9000.000,22.5,22.52,22.55,22.56,22.57,272,5,11,18,1,22.49,22.48,22.47,22.46,22.45,21,11,38,63,124,1
2020-01-02 13:10:18,22.49,21.000,47230.000,22.49,22.5,22.51,22.52,22.55,18,272,5,5,11,22.48,22.47,22.46,22.45,22.44,16,38,63,124,14,0
2020-01-02 13:10:21,22.49,1.000,2250.000,22.49,22.5,22.51,22.52,22.55,17,272,5,5,11,22.48,22.47,22.46,22.45,22.44,16,38,63,124,14,1
2020-01-02 13:10:24,22.49,5.000,11244.000,22.49,22.5,22.51,22.52,22.55,12,272,5,5,11,22.48,22.47,22.46,22.45,22.44,11,38,63,124,14,1
2020-01-02 13:10:28,22.48,1.000,2248.000,22.49,22.5,22.51,22.52,22.55,12,272,5,5,11,22.48,22.47,22.46,22.45,22.44,22,38,63,124,30,0
2020-01-02 13:10:33,22.48,4.000,8992.000,22.49,22.5,22.51,22.52,22.55,12,272,5,7,11,22.48,22.47,22.46,22.45,22.44,27,38,63,124,30,0
2020-01-02 13:10:36,22.48,27.000,60696.000,22.48,22.49,22.5,22.51,22.52,3,12,272,5,7,22.47,22.46,22.45,22.44,22.43,38,63,124,30,12,0
2020-01-02 13:10:45,22.47,14.000,31460.000,22.48,22.49,22.5,22.51,22.52,15,12,272,5,7,22.47,22.46,22.45,22.44,22.43,26,63,114,30,12,0
2020-01-02 13:10:48,22.47,2.000,4494.000,22.48,22.49,22.5,22.51,22.52,15,12,272,5,7,22.47,22.46,22.45,22.44,22.43,24,63,114,30,12,0
2020-01-02 13:10:51,22.48,10.000,22480.000,22.48,22.49,22.5,22.51,22.52,5,12,272,5,7,22.47,22.46,22.45,22.44,22.43,24,63,114,30,12,1
2020-01-02 13:11:15,22.47,5.000,11234.000,22.48,22.49,22.5,22.52,22.55,10,12,277,7,11,22.47,22.46,22.45,22.44,22.43,19,63,114,30,12,0
2020-01-02 13:11:18,22.48,1.000,2248.000,22.48,22.49,22.5,22.52,22.55,9,12,277,7,11,22.47,22.46,22.45,22.44,22.43,19,63,114,30,12,1
2020-01-02 13:11:24,22.47,5.000,11236.000,22.48,22.49,22.5,22.52,22.55,9,12,282,7,11,22.47,22.46,22.45,22.44,22.43,16,63,114,14,12,0
2020-01-02 13:11:27,22.47,7.000,15728.000,22.48,22.49,22.5,22.52,22.55,9,12,282,7,11,22.47,22.46,22.45,22.44,22.43,9,63,114,14,12,0
2020-01-02 13:11:33,22.47,6.000,13484.000,22.48,22.49,22.5,22.52,22.55,9,12,285,7,11,22.47,22.46,22.45,22.44,22.43,3,63,114,14,12,0
2020-01-02 13:11:42,22.47,3.000,6740.000,22.47,22.48,22.49,22.5,22.52,7,9,12,285,7,22.46,22.45,22.44,22.43,22.42,63,114,14,12,19,0
2020-01-02 13:11:45,22.47,1.000,2248.000,22.47,22.48,22.49,22.5,22.52,6,9,12,285,7,22.46,22.45,22.44,22.43,22.42,63,114,14,12,19,1
2020-01-02 13:12:09,22.46,1.000,2244.000,22.47,22.48,22.49,22.5,22.52,18,4,12,285,7,22.46,22.45,22.44,22.43,22.42,62,114,14,12,19,0
2020-01-02 13:12:25,22.46,9.000,20216.000,22.47,22.48,22.49,22.5,22.52,18,4,12,285,7,22.46,22.45,22.44,22.43,22.42,58,114,14,12,19,0
2020-01-02 13:12:39,22.46,56.000,125776.000,22.47,22.48,22.49,22.5,22.52,28,4,12,289,7,22.46,22.45,22.44,22.43,22.42,2,114,14,12,19,0
2020-01-02 13:12:45,22.46,2.000,4492.000,22.46,22.47,22.48,22.49,22.5,27,28,4,12,289,22.45,22.44,22.43,22.42,22.41,114,14,12,19,36,0
2020-01-02 13:12:57,22.45,4.000,8980.000,22.46,22.47,22.48,22.49,22.5,32,23,4,12,289,22.45,22.44,22.43,22.42,22.41,110,14,12,19,36,0
2020-01-02 13:13:03,22.45,2.000,4488.000,22.46,22.47,22.49,22.5,22.52,32,23,12,17,7,22.45,22.44,22.43,22.42,22.41,108,14,12,19,36,0
2020-01-02 13:13:06,22.45,30.000,67352.000,22.46,22.47,22.49,22.5,22.52,32,23,12,17,7,22.45,22.44,22.43,22.42,22.41,78,6,12,19,36,0
2020-01-02 13:13:24,22.45,78.000,175088.000,22.45,22.46,22.47,22.49,22.5,22,32,23,12,17,22.44,22.43,22.42,22.41,22.4,6,12,19,36,116,0
2020-01-02 13:13:30,22.45,15.000,33676.000,22.45,22.46,22.47,22.49,22.5,7,32,23,12,17,22.44,22.43,22.42,22.41,22.4,6,12,19,36,116,1
2020-01-02 13:13:33,22.45,1.000,2244.000,22.45,22.46,22.47,22.49,22.5,6,32,23,12,17,22.44,22.43,22.42,22.41,22.4,6,12,19,36,116,1
2020-01-02 13:13:36,22.46,38.000,85364.000,22.47,22.49,22.5,22.52,22.55,23,12,17,7,11,22.46,22.44,22.43,22.42,22.41,11,6,12,19,36,1
2020-01-02 13:13:39,22.46,8.000,17968.000,22.47,22.49,22.5,22.52,22.55,23,12,17,7,11,22.46,22.44,22.43,22.42,22.41,3,6,12,19,36,0
2020-01-02 13:13:54,22.46,9.000,20192.000,22.46,22.47,22.48,22.49,22.5,21,23,2,12,17,22.45,22.44,22.43,22.42,22.41,4,10,12,19,36,0
2020-01-02 13:13:57,22.47,44.000,98870.000,22.48,22.49,22.5,22.52,22.55,2,12,17,7,11,22.47,22.45,22.44,22.43,22.42,5,4,10,12,19,1
2020-01-02 13:14:30,22.45,17.000,38178.000,22.49,22.5,22.52,22.55,22.56,12,32,7,11,8,22.46,22.45,22.44,22.43,22.42,25,1,10,12,123,0
2020-01-02 13:14:33,22.46,15.000,33688.000,22.49,22.5,22.52,22.55,22.56,12,32,7,11,8,22.46,22.45,22.44,22.43,22.42,10,6,10,12,123,1
2020-01-02 13:15:21,22.46,10.000,22460.000,22.46,22.5,22.52,22.55,22.56,12,29,7,11,8,22.45,22.44,22.43,22.42,22.41,44,10,30,123,36,0
2020-01-02 13:15:48,22.46,1.000,2248.000,22.46,22.5,22.52,22.55,22.56,11,29,7,11,8,22.45,22.44,22.43,22.42,22.41,44,10,30,123,36,1
2020-01-02 13:15:57,22.46,11.000,24704.000,22.5,22.52,22.55,22.56,22.57,29,7,11,8,11,22.49,22.45,22.44,22.43,22.42,4,44,11,30,107,1
2020-01-02 13:16:09,22.49,4.000,8996.000,22.49,22.5,22.52,22.55,22.56,6,29,32,11,8,22.45,22.44,22.43,22.42,22.41,44,11,30,107,36,1
2020-01-02 13:16:15,22.49,6.000,13496.000,22.5,22.51,22.52,22.55,22.56,27,6,46,11,8,22.49,22.45,22.44,22.43,22.42,6,46,11,30,107,1
2020-01-02 13:16:33,22.49,9.000,20240.000,22.48,22.49,22.5,22.51,22.52,6,5,27,9,48,22.45,22.44,22.43,22.42,22.41,74,11,25,109,36,0
2020-01-02 13:16:42,22.48,6.000,13488.000,22.49,22.5,22.51,22.52,22.54,5,27,11,50,11,22.45,22.44,22.43,22.42,22.41,74,11,25,109,36,0
2020-01-02 13:17:27,22.46,2.000,4492.000,22.49,22.5,22.51,22.52,22.54,5,22,11,60,11,22.46,22.45,22.44,22.43,22.42,5,86,11,33,109,0
2020-01-02 13:17:30,22.5,10.000,22496.000,22.5,22.51,22.52,22.54,22.55,17,11,60,11,11,22.46,22.45,22.44,22.43,22.42,5,86,11,33,109,1
2020-01-02 13:17:39,22.49,4.000,8996.000,22.5,22.51,22.52,22.54,22.55,17,11,60,11,11,22.47,22.46,22.45,22.44,22.43,10,7,86,11,33,0
2020-01-02 13:17:54,22.49,9.000,20240.000,22.49,22.5,22.51,22.52,22.54,2,22,11,60,11,22.47,22.46,22.45,22.44,22.43,10,25,86,11,33,1
2020-01-02 13:17:57,22.49,2.000,4498.000,22.5,22.51,22.52,22.54,22.55,22,11,60,11,11,22.47,22.46,22.45,22.44,22.43,10,25,86,11,33,1
2020-01-02 13:18:06,22.49,1.000,2250.000,22.49,22.5,22.51,22.52,22.54,10,22,11,60,11,22.47,22.46,22.45,22.44,22.43,10,25,86,11,33,1
2020-01-02 13:18:21,22.49,10.000,22488.000,22.49,22.5,22.51,22.52,22.54,7,22,11,60,11,22.47,22.46,22.45,22.44,22.43,11,25,84,11,33,1
2020-01-02 13:18:30,22.49,5.000,11246.000,22.49,22.5,22.51,22.52,22.54,2,22,11,60,11,22.47,22.46,22.45,22.44,22.43,19,25,84,11,33,1
2020-01-02 13:18:48,22.49,11.000,24738.000,22.5,22.51,22.52,22.55,22.56,22,11,60,11,8,22.49,22.48,22.47,22.46,22.45,17,10,18,25,84,1
2020-01-02 13:18:54,22.49,8.000,17992.000,22.5,22.51,22.52,22.53,22.55,22,22,61,1,11,22.49,22.48,22.47,22.46,22.45,9,10,18,34,84,0
2020-01-02 13:19:09,22.49,10.000,22492.000,22.5,22.51,22.52,22.53,22.55,22,22,61,1,11,22.49,22.48,22.47,22.46,22.45,7,10,18,34,84,0
2020-01-02 13:19:12,22.5,10.000,22500.000,22.5,22.51,22.52,22.53,22.55,12,22,61,1,11,22.49,22.48,22.47,22.46,22.45,7,10,18,42,84,1
2020-01-02 13:19:30,22.5,10.000,22500.000,22.5,22.51,22.52,22.53,22.55,2,22,61,1,11,22.49,22.48,22.47,22.46,22.45,12,10,18,42,61,1
2020-01-02 13:19:45,22.51,12.000,27008.000,22.51,22.52,22.53,22.55,22.56,12,61,1,11,8,22.5,22.49,22.48,22.47,22.46,5,12,10,18,42,1
2020-01-02 13:19:51,22.5,5.000,11252.000,22.51,22.52,22.53,22.55,22.56,12,61,1,11,8,22.49,22.48,22.47,22.46,22.45,12,10,18,42,61,0
2020-01-02 13:19:57,22.5,1.000,2248.000,22.51,22.52,22.53,22.55,22.56,12,61,1,11,8,22.5,22.49,22.48,22.47,22.46,1,12,10,18,42,0
2020-01-02 13:20:12,22.5,1.000,2252.000,22.5,22.51,22.52,22.53,22.55,9,17,61,1,11,22.49,22.48,22.47,22.46,22.45,12,10,18,42,61,0
2020-01-02 13:20:15,22.51,16.000,36006.000,22.51,22.52,22.53,22.55,22.56,10,61,1,11,8,22.49,22.48,22.47,22.46,22.45,12,10,18,42,61,1
2020-01-02 13:20:45,22.51,10.000,22510.000,22.52,22.53,22.55,22.56,22.57,51,1,11,10,10,22.51,22.5,22.49,22.48,22.47,4,18,12,10,18,1
2020-01-02 13:21:06,22.52,56.000,126112.000,22.53,22.55,22.56,22.57,22.58,1,11,10,10,14,22.52,22.51,22.5,22.49,22.48,20,10,26,12,10,1
2020-01-02 13:21:15,22.52,2.000,4504.000,22.53,22.55,22.56,22.57,22.58,8,11,10,10,14,22.52,22.51,22.5,22.49,22.48,28,8,26,12,10,0
2020-01-02 13:21:33,22.52,12.000,27024.000,22.53,22.54,22.55,22.56,22.57,20,8,11,10,10,22.52,22.51,22.5,22.49,22.48,16,21,26,12,10,0
2020-01-02 13:21:39,22.53,2.000,4506.000,22.53,22.54,22.55,22.56,22.57,32,15,11,10,10,22.52,22.51,22.5,22.49,22.48,16,21,26,12,10,1
2020-01-02 13:21:54,22.53,2.000,4506.000,22.53,22.54,22.55,22.56,22.57,31,15,11,10,10,22.52,22.51,22.5,22.49,22.48,16,21,18,12,10,1
2020-01-02 13:22:15,22.52,5.000,11260.000,22.53,22.54,22.55,22.56,22.57,31,15,11,10,10,22.52,22.51,22.5,22.49,22.48,11,26,18,12,10,0
2020-01-02 13:22:18,22.52,1.000,2252.000,22.53,22.54,22.55,22.56,22.57,31,15,11,10,10,22.52,22.51,22.5,22.49,22.48,10,26,18,12,10,0
2020-01-02 13:22:27,22.52,1.000,2252.000,22.53,22.54,22.55,22.56,22.58,36,15,12,10,14,22.52,22.51,22.5,22.49,22.48,9,26,18,12,10,0
2020-01-02 13:22:30,22.52,9.000,20268.000,22.52,22.53,22.54,22.55,22.56,1,36,15,12,10,22.51,22.5,22.49,22.48,22.47,26,18,12,10,18,0
2020-01-02 13:22:39,22.53,30.000,67588.000,22.53,22.54,22.55,22.56,22.58,8,14,11,10,14,22.51,22.5,22.49,22.48,22.47,26,18,12,10,18,1
2020-01-02 13:22:45,22.51,5.000,11256.000,22.53,22.54,22.55,22.56,22.58,6,15,11,8,14,22.51,22.5,22.49,22.48,22.47,21,18,12,10,18,0
2020-01-02 13:23:09,22.53,5.000,11264.000,22.53,22.54,22.55,22.56,22.58,1,15,11,8,14,22.51,22.5,22.49,22.48,22.47,21,18,12,15,18,1
2020-01-02 13:23:18,22.51,2.000,4502.000,22.53,22.54,22.55,22.56,22.58,1,15,7,8,14,22.51,22.5,22.49,22.48,22.47,19,18,12,15,18,0
2020-01-02 13:23:45,22.51,14.000,31514.000,22.52,22.53,22.54,22.55,22.56,6,1,5,7,8,22.51,22.5,22.49,22.48,22.47,13,18,12,15,18,0
2020-01-02 13:23:52,22.52,4.000,9008.000,22.52,22.53,22.54,22.55,22.56,2,1,1,7,8,22.51,22.5,22.49,22.48,22.47,13,18,12,15,18,1
2020-01-02 13:24:18,22.51,2.000,4502.000,22.53,22.56,22.58,22.6,22.61,1,8,14,50,87,22.51,22.5,22.49,22.48,22.47,8,41,12,15,203,0
2020-01-02 13:24:24,22.52,10.000,22520.000,22.53,22.56,22.58,22.6,22.61,1,8,14,50,87,22.51,22.5,22.49,22.48,22.47,8,41,12,15,203,1
2020-01-02 13:25:04,22.52,9.000,20268.000,22.52,22.53,22.54,22.56,22.58,31,1,5,8,14,22.51,22.5,22.49,22.48,22.47,8,41,12,15,18,0
2020-01-02 13:25:15,22.52,40.000,90080.000,22.52,22.53,22.54,22.56,22.58,11,1,1,8,14,22.51,22.5,22.49,22.48,22.47,8,36,12,15,18,1
2020-01-02 13:25:33,22.52,2.000,4504.000,22.52,22.53,22.54,22.56,22.58,9,1,1,8,14,22.51,22.5,22.49,22.48,22.47,16,36,12,15,18,1
2020-01-02 13:25:57,22.51,4.000,9004.000,22.52,22.53,22.54,22.56,22.58,9,1,1,8,14,22.51,22.5,22.49,22.48,22.47,12,36,12,15,18,0
2020-01-02 13:26:09,22.51,3.000,6754.000,22.52,22.53,22.54,22.56,22.58,9,1,1,8,14,22.51,22.5,22.49,22.48,22.47,9,36,12,15,18,0
2020-01-02 13:26:18,22.51,9.000,20258.000,22.51,22.52,22.53,22.54,22.56,41,9,1,1,8,22.5,22.49,22.48,22.47,22.46,36,12,15,18,50,0
2020-01-02 13:26:51,22.5,36.000,81000.000,22.5,22.51,22.52,22.53,22.54,14,41,9,1,1,22.49,22.48,22.47,22.46,22.45,12,15,18,50,119,0
2020-01-02 13:27:09,22.49,8.000,17992.000,22.5,22.51,22.52,22.53,22.54,14,41,9,1,1,22.49,22.48,22.47,22.46,22.45,4,15,18,50,119,0
2020-01-02 13:27:15,22.48,28.000,62966.000,22.48,22.5,22.51,22.52,22.53,7,5,41,9,1,22.47,22.46,22.45,22.44,22.43,18,50,119,10,34,0
2020-01-02 13:27:18,22.47,12.000,26964.000,22.48,22.5,22.51,22.52,22.53,7,5,41,9,1,22.47,22.46,22.45,22.44,22.43,6,50,159,10,34,0
2020-01-02 13:27:21,22.47,6.000,13482.000,22.47,22.48,22.5,22.51,22.52,3,7,20,41,9,22.46,22.45,22.44,22.43,22.42,55,159,10,34,21,0
2020-01-02 13:27:30,22.47,3.000,6742.000,22.48,22.5,22.51,22.52,22.53,7,20,41,9,1,22.46,22.45,22.44,22.43,22.42,55,159,10,34,21,1
2020-01-02 13:27:33,22.47,5.000,11234.000,22.48,22.5,22.51,22.52,22.53,7,20,41,9,1,22.46,22.45,22.44,22.43,22.42,50,159,10,24,21,0
2020-01-02 13:28:00,22.47,5.000,11234.000,22.47,22.48,22.5,22.51,22.52,10,7,20,41,9,22.46,22.45,22.44,22.43,22.42,50,164,10,24,21,0
2020-01-02 13:28:06,22.47,4.000,8988.000,22.47,22.48,22.5,22.51,22.52,6,7,20,41,9,22.46,22.45,22.44,22.43,22.42,50,164,10,24,21,1
2020-01-02 13:28:09,22.46,36.000,80868.000,22.48,22.5,22.51,22.52,22.53,7,20,41,9,1,22.46,22.45,22.44,22.43,22.42,24,164,12,24,21,0
2020-01-02 13:28:39,22.46,14.000,31444.000,22.5,22.52,22.53,22.56,22.58,16,9,1,8,14,22.46,22.45,22.44,22.43,22.42,17,164,10,24,21,0
2020-01-02 13:28:42,22.46,1.000,2248.000,22.5,22.52,22.53,22.56,22.58,16,9,1,8,14,22.46,22.45,22.44,22.43,22.42,16,164,10,24,21,0
2020-01-02 13:28:54,22.46,5.000,11228.000,22.5,22.52,22.53,22.56,22.58,16,9,1,8,14,22.46,22.45,22.44,22.43,22.42,37,164,10,24,23,0
2020-01-02 13:29:00,22.47,5.000,11236.000,22.5,22.52,22.53,22.56,22.58,16,9,1,8,14,22.47,22.46,22.45,22.44,22.43,4,37,164,10,24,1
2020-01-02 13:29:09,22.5,5.000,11250.000,22.5,22.52,22.53,22.56,22.58,11,9,1,8,14,22.47,22.46,22.45,22.44,22.43,4,39,164,10,24,1
2020-01-02 13:29:30,22.47,4.000,8988.000,22.47,22.5,22.52,22.53,22.55,9,11,9,1,5,22.46,22.45,22.44,22.43,22.42,53,166,10,24,23,0
2020-01-02 13:29:42,22.47,2.000,4494.000,22.47,22.5,22.52,22.53,22.55,7,11,9,1,5,22.46,22.45,22.44,22.43,22.42,53,175,10,24,23,1
2020-01-02 13:29:48,22.47,3.000,6740.000,22.47,22.5,22.52,22.53,22.55,4,11,9,1,5,22.46,22.45,22.44,22.43,22.42,53,175,10,24,23,1
2020-01-02 13:29:54,22.46,36.000,80860.000,22.47,22.5,22.52,22.53,22.55,2,11,9,1,5,22.46,22.45,22.44,22.43,22.42,17,175,10,24,23,0
2020-01-02 13:30:03,22.46,1.000,2244.000,22.47,22.5,22.52,22.53,22.55,3,11,9,1,5,22.46,22.45,22.44,22.43,22.42,19,171,10,24,23,0
2020-01-02 13:30:06,22.5,14.000,31492.000,22.52,22.53,22.55,22.56,22.58,9,1,5,11,14,22.5,22.46,22.45,22.44,22.43,6,19,171,10,24,1
2020-01-02 13:30:09,22.5,2.000,4500.000,22.52,22.53,22.55,22.56,22.58,9,1,5,11,14,22.5,22.46,22.45,22.44,22.43,4,19,171,10,24,0
2020-01-02 13:30:45,22.5,4.000,9000.000,22.49,22.52,22.53,22.55,22.56,246,10,26,5,11,22.47,22.46,22.45,22.44,22.43,5,34,170,10,24,0
2020-01-02 13:30:57,22.49,1.000,2248.000,22.49,22.52,22.53,22.55,22.56,245,10,26,5,11,22.47,22.46,22.45,22.44,22.43,5,29,170,10,24,0
2020-01-02 13:31:33,22.47,5.000,11240.000,22.49,22.5,22.52,22.53,22.55,245,2,10,26,5,22.47,22.46,22.45,22.44,22.43,22,29,179,10,24,0
2020-01-02 13:31:48,22.47,1.000,2248.000,22.49,22.5,22.52,22.53,22.55,245,2,10,26,5,22.47,22.46,22.45,22.44,22.43,23,65,179,10,24,0
2020-01-02 13:32:36,22.47,1.000,2246.000,22.48,22.49,22.5,22.52,22.53,4,249,2,10,26,22.47,22.46,22.45,22.44,22.43,33,109,179,10,16,0
2020-01-02 13:32:43,22.47,2.000,4494.000,22.48,22.49,22.5,22.52,22.53,4,249,2,10,26,22.47,22.46,22.45,22.44,22.43,31,109,179,10,19,0
2020-01-02 13:32:45,22.48,4.000,8992.000,22.49,22.5,22.52,22.53,22.55,249,2,10,26,5,22.48,22.47,22.46,22.45,22.44,36,32,109,179,10,1
2020-01-02 13:33:33,22.48,5.000,11240.000,22.5,22.52,22.53,22.55,22.56,4,10,26,5,11,22.48,22.47,22.46,22.45,22.44,31,31,111,179,10,0
2020-01-02 13:33:39,22.48,8.000,17984.000,22.5,22.52,22.53,22.55,22.56,4,11,26,5,11,22.48,22.47,22.46,22.45,22.44,23,31,111,179,10,0
2020-01-02 13:33:45,22.46,166.000,372912.000,22.46,22.49,22.5,22.52,22.53,34,2,4,11,26,22.45,22.44,22.43,22.42,22.41,179,10,19,23,65,0
