Time,Price,Volume,Amount,SP1,SP2,SP3,SP4,SP5,SV1,SV2,SV3,SV4,SV5,BP1,BP2,BP3,BP4,BP5,BV1,BV2,BV3,BV4,BV5,isBuy
2020-01-02 09:15:09,3.11,0.000,0.000,3.11,0,0,0,0,22,84,0,0,0,3.11,0,0,0,0,22,0,0,0,0,1
2020-01-02 09:16:39,3.11,0.000,0.000,3.11,0,0,0,0,23,83,0,0,0,3.11,0,0,0,0,23,0,0,0,0,1
2020-01-02 09:16:48,3.11,0.000,0.000,3.11,0,0,0,0,57,49,0,0,0,3.11,0,0,0,0,57,0,0,0,0,1
2020-01-02 09:17:42,3.11,0.000,0.000,3.11,0,0,0,0,97,9,0,0,0,3.11,0,0,0,0,97,0,0,0,0,1
2020-01-02 09:17:51,3.11,0.000,0.000,3.11,0,0,0,0,106,0,0,0,0,3.11,0,0,0,0,106,1491,0,0,0,1
2020-01-02 09:18:45,3.11,0.000,0.000,3.11,0,0,0,0,156,0,0,0,0,3.11,0,0,0,0,156,1441,0,0,0,1
2020-01-02 09:19:21,3.11,0.000,0.000,3.11,0,0,0,0,175,0,0,0,0,3.11,0,0,0,0,175,1422,0,0,0,1
2020-01-02 09:19:39,3.11,0.000,0.000,3.11,0,0,0,0,181,0,0,0,0,3.11,0,0,0,0,181,1416,0,0,0,1
2020-01-02 09:20:37,3.11,0.000,0.000,3.11,0,0,0,0,207,0,0,0,0,3.11,0,0,0,0,207,1390,0,0,0,1
2020-01-02 09:20:54,3.11,0.000,0.000,3.11,0,0,0,0,207,0,0,0,0,3.11,0,0,0,0,207,1391,0,0,0,1
2020-01-02 09:21:39,3.11,0.000,0.000,3.11,0,0,0,0,667,0,0,0,0,3.11,0,0,0,0,667,931,0,0,0,1
2020-01-02 09:21:57,3.11,0.000,0.000,3.11,0,0,0,0,668,0,0,0,0,3.11,0,0,0,0,668,930,0,0,0,1
2020-01-02 09:23:00,3.11,0.000,0.000,3.11,0,0,0,0,668,0,0,0,0,3.11,0,0,0,0,668,931,0,0,0,1
2020-01-02 09:23:36,3.11,0.000,0.000,3.11,0,0,0,0,693,0,0,0,0,3.11,0,0,0,0,693,966,0,0,0,1
2020-01-02 09:23:55,3.11,0.000,0.000,3.11,0,0,0,0,693,0,0,0,0,3.11,0,0,0,0,693,979,0,0,0,1
2020-01-02 09:24:13,3.11,0.000,0.000,3.11,0,0,0,0,694,0,0,0,0,3.11,0,0,0,0,694,978,0,0,0,1
2020-01-02 09:24:31,3.11,0.000,0.000,3.11,0,0,0,0,694,0,0,0,0,3.11,0,0,0,0,694,1052,0,0,0,1
2020-01-02 09:24:57,3.11,0.000,0.000,3.11,0,0,0,0,694,0,0,0,0,3.11,0,0,0,0,694,1092,0,0,0,1
2020-01-02 09:25:04,3.11,694.000,215834.000,3.12,3.13,3.14,3.15,3.16,437,66,238,175,355,3.11,3.1,3.09,3.08,3.07,1092,99,12510,385,378,1
2020-01-02 09:30:00,3.12,16.000,4992.000,3.12,3.13,3.14,3.15,3.16,421,66,238,175,355,3.11,3.1,3.09,3.08,3.07,1092,99,12510,385,378,1
2020-01-02 09:30:03,3.13,1112.000,346937.000,3.13,3.14,3.15,3.16,3.17,126,385,301,680,809,3.12,3.11,3.1,3.09,3.08,48,1320,5141,2651,390,1
2020-01-02 09:30:06,3.12,10.000,3120.000,3.13,3.14,3.15,3.16,3.17,213,375,360,685,852,3.12,3.11,3.1,3.09,3.08,758,1358,6148,2651,390,0
2020-01-02 09:30:09,3.12,0.000,0.000,3.13,3.14,3.15,3.16,3.17,213,375,360,685,852,3.12,3.11,3.1,3.09,3.08,758,1358,6148,2651,390,0
2020-01-02 09:30:09,3.13,106.000,33178.000,3.13,3.14,3.15,3.16,3.17,107,419,371,695,852,3.12,3.11,3.1,3.09,3.08,954,1620,6285,2651,410,1
2020-01-02 09:30:12,3.13,0.000,0.000,3.13,3.14,3.15,3.16,3.17,107,419,371,695,852,3.12,3.11,3.1,3.09,3.08,1054,1677,6285,2651,410,1
2020-01-02 09:30:15,3.13,59.000,18467.000,3.13,3.14,3.15,3.16,3.17,68,419,371,695,852,3.12,3.11,3.1,3.09,3.08,1054,1598,6372,2651,410,1
2020-01-02 09:30:17,3.13,0.000,0.000,3.13,3.14,3.15,3.16,3.17,68,419,371,695,852,3.12,3.11,3.1,3.09,3.08,1054,1598,6372,2651,410,1
2020-01-02 09:30:21,3.13,21.000,6573.000,3.13,3.14,3.15,3.16,3.17,47,419,371,695,852,3.12,3.11,3.1,3.09,3.08,1074,1598,6372,2651,410,1
2020-01-02 09:30:24,3.12,12.000,3749.000,3.13,3.14,3.15,3.16,3.17,242,419,371,695,852,3.12,3.11,3.1,3.09,3.08,1067,1608,6386,2651,410,0
2020-01-02 09:30:27,3.12,0.000,0.000,3.13,3.14,3.15,3.16,3.17,242,445,421,695,852,3.12,3.11,3.1,3.09,3.08,1067,1545,6386,388,410,0
2020-01-02 09:30:30,3.12,9.000,2808.000,3.13,3.14,3.15,3.16,3.17,242,445,421,695,852,3.12,3.11,3.1,3.09,3.08,1058,1545,6386,388,410,0
2020-01-02 09:30:33,3.12,0.000,0.000,3.13,3.14,3.15,3.16,3.17,402,445,421,695,852,3.12,3.11,3.1,3.09,3.08,1078,1545,6386,388,410,0
2020-01-02 09:30:36,3.13,402.000,125826.000,3.14,3.15,3.16,3.17,3.18,445,421,693,1140,1758,3.13,3.12,3.11,3.1,3.09,448,1078,1545,6386,418,1
2020-01-02 09:30:39,3.13,62.000,19406.000,3.14,3.15,3.16,3.17,3.18,445,471,693,1140,1758,3.13,3.12,3.11,3.1,3.09,386,1078,1565,6386,418,0
2020-01-02 09:30:42,3.13,100.000,31300.000,3.14,3.15,3.16,3.17,3.18,476,471,693,1140,1758,3.13,3.12,3.11,3.1,3.09,288,1078,1565,6386,418,0
2020-01-02 09:30:45,3.13,11.000,3444.000,3.14,3.15,3.16,3.17,3.18,475,471,693,1140,1758,3.13,3.12,3.11,3.1,3.09,2512,1078,1565,6436,418,0
2020-01-02 09:30:48,3.14,166.000,52114.000,3.14,3.15,3.16,3.17,3.18,319,471,693,1140,1758,3.13,3.12,3.11,3.1,3.09,2502,1078,1565,6436,418,1
2020-01-02 09:30:51,3.13,5.000,1565.000,3.14,3.15,3.16,3.17,3.18,319,471,693,1140,1758,3.13,3.12,3.11,3.1,3.09,2569,928,1555,6436,418,0
2020-01-02 09:30:54,3.13,0.000,0.000,3.14,3.15,3.16,3.17,3.18,319,471,703,1140,1758,3.13,3.12,3.11,3.1,3.09,2569,947,1555,6436,418,0
2020-01-02 09:30:57,3.13,189.000,59306.000,3.14,3.15,3.16,3.17,3.18,170,471,703,1140,1760,3.13,3.12,3.11,3.1,3.09,2529,947,1555,6436,418,0
2020-01-02 09:31:00,3.14,94.000,29516.000,3.14,3.15,3.16,3.17,3.18,115,471,722,1140,1760,3.13,3.12,3.11,3.1,3.09,2529,947,1575,6436,418,1
2020-01-02 09:31:03,3.14,6.000,1884.000,3.14,3.15,3.16,3.17,3.18,277,460,722,1145,1760,3.13,3.12,3.11,3.1,3.09,2529,947,1655,6436,418,1
2020-01-02 09:31:06,3.13,45.000,14126.000,3.14,3.15,3.16,3.17,3.18,236,460,727,1145,1760,3.13,3.12,3.11,3.1,3.09,2535,784,1655,6436,418,0
2020-01-02 09:31:09,3.14,51.000,16014.000,3.14,3.15,3.16,3.17,3.18,199,460,727,1159,1760,3.13,3.12,3.11,3.1,3.09,2535,784,1655,6432,418,1
2020-01-02 09:31:12,3.14,56.000,17584.000,3.14,3.15,3.16,3.17,3.18,348,460,927,1159,1760,3.13,3.12,3.11,3.1,3.09,2536,784,1655,6432,418,1
2020-01-02 09:31:15,3.14,115.000,35996.000,3.14,3.15,3.16,3.17,3.18,347,559,929,1163,1760,3.13,3.12,3.11,3.1,3.09,2422,684,1655,6432,418,1
2020-01-02 09:31:18,3.14,118.000,37052.000,3.14,3.15,3.16,3.17,3.18,239,559,929,1163,1760,3.13,3.12,3.11,3.1,3.09,2422,684,1655,6432,418,1
2020-01-02 09:31:21,3.14,213.000,66812.000,3.14,3.15,3.16,3.17,3.18,186,559,929,1292,1760,3.13,3.12,3.11,3.1,3.09,2352,664,1655,6432,418,1
2020-01-02 09:31:33,3.14,32.000,10018.000,3.14,3.15,3.16,3.17,3.18,244,629,1099,1292,1794,3.13,3.12,3.11,3.1,3.09,2436,662,1695,6432,468,1
2020-01-02 09:31:36,3.14,10.000,3140.000,3.14,3.15,3.16,3.17,3.18,319,669,1110,1292,1794,3.13,3.12,3.11,3.1,3.09,2436,662,1645,6432,468,1
2020-01-02 09:31:39,3.14,326.000,102364.000,3.15,3.16,3.17,3.18,3.19,669,1228,1292,1794,1842,3.14,3.13,3.12,3.11,3.1,80,2487,656,1645,6432,1
2020-01-02 09:31:42,3.14,54.000,16956.000,3.15,3.16,3.17,3.18,3.19,769,1338,1330,1794,1842,3.14,3.13,3.12,3.11,3.1,26,2487,656,1645,6432,0
2020-01-02 09:31:45,3.14,1.000,314.000,3.15,3.16,3.17,3.18,3.19,769,1338,1330,1794,1842,3.14,3.13,3.12,3.11,3.1,25,2487,656,1645,6432,0
2020-01-02 09:31:48,3.14,20.000,6280.000,3.15,3.16,3.17,3.18,3.19,779,1338,1350,1794,1942,3.14,3.13,3.12,3.11,3.1,15,2477,656,1645,6432,0
2020-01-02 09:31:51,3.14,21.000,6600.000,3.14,3.15,3.16,3.17,3.18,45,775,1338,1350,1794,3.13,3.12,3.11,3.1,3.09,2507,656,1645,6436,468,0
2020-01-02 09:31:57,3.14,86.000,27024.000,3.15,3.16,3.17,3.18,3.19,1494,1339,1350,1802,1942,3.14,3.13,3.12,3.11,3.1,34,2507,656,1645,6436,1
2020-01-02 09:32:00,3.14,64.000,20096.000,3.14,3.15,3.16,3.17,3.18,20,1511,1339,1350,1802,3.13,3.12,3.11,3.1,3.09,2507,656,1644,6436,468,0
2020-01-02 09:32:03,3.13,6.000,1878.000,3.14,3.15,3.16,3.17,3.18,47,1511,1339,1360,1802,3.13,3.12,3.11,3.1,3.09,2501,656,1644,6436,468,0
2020-01-02 09:32:18,3.14,100.000,31400.000,3.14,3.15,3.16,3.17,3.18,379,1511,1339,1107,1802,3.13,3.12,3.11,3.1,3.09,2502,686,1644,6061,478,1
2020-01-02 09:32:24,3.13,100.000,31300.000,3.14,3.15,3.16,3.17,3.18,501,1479,1566,1167,1853,3.13,3.12,3.11,3.1,3.09,2834,686,1644,6061,523,0
2020-01-02 09:32:27,3.13,15.000,4695.000,3.14,3.15,3.16,3.17,3.18,827,1479,1566,1167,1853,3.13,3.12,3.11,3.1,3.09,2819,686,1644,6061,538,0
2020-01-02 09:32:33,3.13,50.000,15650.000,3.14,3.15,3.16,3.17,3.18,892,1357,1566,1167,1916,3.13,3.12,3.11,3.1,3.09,2769,686,1644,6061,538,0
2020-01-02 09:32:36,3.14,12.000,3768.000,3.14,3.15,3.16,3.17,3.18,1042,1357,1566,1167,1916,3.13,3.12,3.11,3.1,3.09,2769,656,1644,6061,538,1
2020-01-02 09:32:39,3.13,60.000,18780.000,3.14,3.15,3.16,3.17,3.18,1109,1367,1566,1167,2016,3.13,3.12,3.11,3.1,3.09,2709,656,1644,6061,538,0
2020-01-02 09:32:42,3.13,35.000,10955.000,3.14,3.15,3.16,3.17,3.18,1328,1390,1566,1167,2516,3.13,3.12,3.11,3.1,3.09,2674,656,1644,6061,538,0
2020-01-02 09:32:45,3.13,26.000,8159.000,3.14,3.15,3.16,3.17,3.18,1327,1392,1566,1167,2516,3.13,3.12,3.11,3.1,3.09,2564,656,1644,6061,538,0
2020-01-02 09:32:48,3.14,1.000,314.000,3.14,3.15,3.16,3.17,3.18,1347,1512,1566,1167,2516,3.13,3.12,3.11,3.1,3.09,2564,656,1644,6061,538,1
2020-01-02 09:32:54,3.14,33.000,10362.000,3.14,3.15,3.16,3.17,3.18,1401,1662,1586,1153,2616,3.13,3.12,3.11,3.1,3.09,12465,656,1665,6135,578,1
2020-01-02 09:33:03,3.14,41.000,12874.000,3.14,3.15,3.16,3.17,3.18,1074,1651,1586,1153,2662,3.13,3.12,3.11,3.1,3.09,12535,656,1665,6061,578,1
2020-01-02 09:33:06,3.14,80.000,25120.000,3.14,3.15,3.16,3.17,3.18,1044,1651,1586,1153,2662,3.13,3.12,3.11,3.1,3.09,12535,656,1665,6061,578,1
2020-01-02 09:33:09,3.14,85.000,26690.000,3.14,3.15,3.16,3.17,3.18,949,1681,1616,1253,2662,3.13,3.12,3.11,3.1,3.09,12630,656,1665,6061,578,1
2020-01-02 09:33:12,3.14,68.000,21336.000,3.14,3.15,3.16,3.17,3.18,887,1741,1616,1312,2662,3.13,3.12,3.11,3.1,3.09,12614,656,1665,6061,578,1
2020-01-02 09:33:15,3.14,21.000,6594.000,3.14,3.15,3.16,3.17,3.18,861,1748,1616,1312,2662,3.13,3.12,3.11,3.1,3.09,12242,656,1665,6061,578,1
2020-01-02 09:33:18,3.14,25.000,7850.000,3.14,3.15,3.16,3.17,3.18,978,1748,1816,1321,2662,3.13,3.12,3.11,3.1,3.09,12242,656,1665,6061,578,1
2020-01-02 09:33:21,3.14,416.000,130624.000,3.14,3.15,3.16,3.17,3.18,592,1748,1816,1258,2662,3.13,3.12,3.11,3.1,3.09,12242,656,1665,6061,578,1
2020-01-02 09:33:24,3.14,256.000,80384.000,3.14,3.15,3.16,3.17,3.18,556,1748,1816,1258,2662,3.13,3.12,3.11,3.1,3.09,12342,656,1665,6046,578,1
2020-01-02 09:33:27,3.14,97.000,30458.000,3.14,3.15,3.16,3.17,3.18,459,1748,1908,1258,2662,3.13,3.12,3.11,3.1,3.09,12342,656,1665,6046,578,1
2020-01-02 09:33:30,3.14,73.000,22922.000,3.14,3.15,3.16,3.17,3.18,403,1748,1908,1258,2662,3.13,3.12,3.11,3.1,3.09,12342,656,1665,4524,578,1
2020-01-02 09:33:33,3.13,88.000,27630.000,3.14,3.15,3.16,3.17,3.18,337,1758,1908,1258,2675,3.13,3.12,3.11,3.1,3.09,12440,656,1665,4510,578,0
2020-01-02 09:33:36,3.14,174.000,54636.000,3.14,3.15,3.16,3.17,3.18,193,1818,1908,1258,2680,3.13,3.12,3.11,3.1,3.09,12440,756,1665,4510,578,1
2020-01-02 09:33:39,3.14,193.000,60602.000,3.15,3.16,3.17,3.18,3.19,1818,1908,1258,2680,2073,3.14,3.13,3.12,3.11,3.1,1528,12440,756,1665,4510,1
2020-01-02 09:33:45,3.14,248.000,78103.000,3.15,3.16,3.17,3.18,3.19,1657,1908,1258,2680,2073,3.14,3.13,3.12,3.11,3.1,1512,12440,756,1665,4510,0
2020-01-02 09:33:48,3.14,243.000,76302.000,3.15,3.16,3.17,3.18,3.19,1657,1975,1451,2691,2073,3.14,3.13,3.12,3.11,3.1,1269,12440,756,1665,4510,0
2020-01-02 09:34:00,3.14,18.000,5661.000,3.15,3.16,3.17,3.18,3.19,1498,2168,1451,2761,2107,3.14,3.13,3.12,3.11,3.1,1279,12454,756,1665,4510,0
2020-01-02 09:34:03,3.14,6.000,1884.000,3.15,3.16,3.17,3.18,3.19,1528,2174,1451,2811,2107,3.14,3.13,3.12,3.11,3.1,1295,12454,756,1665,4510,0
2020-01-02 09:34:09,3.15,11.000,3455.000,3.15,3.16,3.17,3.18,3.19,2075,2524,1451,2830,2107,3.14,3.13,3.12,3.11,3.1,1285,12454,756,1705,4510,1
2020-01-02 09:34:12,3.15,20.000,6300.000,3.15,3.16,3.17,3.18,3.19,2055,2524,1451,2830,2107,3.14,3.13,3.12,3.11,3.1,1285,12454,756,1705,4525,1
2020-01-02 09:34:15,3.14,97.000,30545.000,3.15,3.16,3.17,3.18,3.19,2048,2524,1451,2830,2107,3.14,3.13,3.12,3.11,3.1,1295,12454,736,1705,4525,0
2020-01-02 09:34:21,3.14,66.000,20757.000,3.15,3.16,3.17,3.18,3.19,2101,2524,1451,2855,2107,3.14,3.13,3.12,3.11,3.1,1262,12454,736,1705,3060,0
2020-01-02 09:34:24,3.14,60.000,18840.000,3.15,3.16,3.17,3.18,3.19,2111,2524,1451,2805,2107,3.14,3.13,3.12,3.11,3.1,1202,12454,736,1705,3060,0
2020-01-02 09:34:30,3.15,23.000,7235.000,3.15,3.16,3.17,3.18,3.19,2165,2524,1451,2805,2107,3.14,3.13,3.12,3.11,3.1,1180,12454,751,1705,3060,1
2020-01-02 09:34:33,3.15,17.000,5346.000,3.15,3.16,3.17,3.18,3.19,2182,2524,1451,2805,2107,3.14,3.13,3.12,3.11,3.1,1252,12454,751,1705,3060,1
2020-01-02 09:34:36,3.15,43.000,13539.000,3.15,3.16,3.17,3.18,3.19,2223,2524,1451,2805,2107,3.14,3.13,3.12,3.11,3.1,1246,12454,751,1705,3060,1
2020-01-02 09:34:39,3.15,30.000,9450.000,3.15,3.16,3.17,3.18,3.19,2193,2524,1451,2805,2107,3.14,3.13,3.12,3.11,3.1,1246,12490,751,1705,3060,1
2020-01-02 09:34:48,3.15,56.000,17640.000,3.15,3.16,3.17,3.18,3.19,2179,2524,1451,2805,2107,3.14,3.13,3.12,3.11,3.1,1276,12490,651,1705,3060,1
2020-01-02 09:34:54,3.14,10.000,3140.000,3.15,3.16,3.17,3.18,3.19,2225,2524,1451,2945,2117,3.14,3.13,3.12,3.11,3.1,1266,12469,651,1705,3060,0
2020-01-02 09:35:09,3.14,20.000,6280.000,3.15,3.16,3.17,3.18,3.19,2443,2382,1501,2991,2368,3.14,3.13,3.12,3.11,3.1,1629,12418,681,1705,3060,0
2020-01-02 09:35:15,3.15,1.000,315.000,3.15,3.16,3.17,3.18,3.19,2596,2382,1501,2991,2368,3.14,3.13,3.12,3.11,3.1,1749,12418,681,1705,3060,1
2020-01-02 09:35:18,3.15,105.000,32985.000,3.15,3.16,3.17,3.18,3.19,2581,2320,1501,2991,2368,3.14,3.13,3.12,3.11,3.1,1659,12418,681,1705,3060,1
2020-01-02 09:35:24,3.14,3.000,942.000,3.15,3.16,3.17,3.18,3.19,2590,2380,1501,2991,2368,3.14,3.13,3.12,3.11,3.1,1684,12408,681,1705,3060,0
2020-01-02 09:35:42,3.15,239.000,75262.000,3.15,3.16,3.17,3.18,3.19,2470,2400,1501,2967,2428,3.14,3.13,3.12,3.11,3.1,1673,12408,683,1705,3060,1
2020-01-02 09:35:54,3.14,50.000,15700.000,3.15,3.16,3.17,3.18,3.19,2631,2390,1501,2957,2428,3.14,3.13,3.12,3.11,3.1,1633,12408,683,1705,3060,0
2020-01-02 09:36:00,3.14,10.000,3140.000,3.15,3.16,3.17,3.18,3.19,2744,2390,1501,2947,2458,3.14,3.13,3.12,3.11,3.1,1482,12408,683,1705,2449,0
2020-01-02 09:36:03,3.15,998.000,314370.000,3.15,3.16,3.17,3.18,3.19,1746,2390,1501,2947,2458,3.14,3.13,3.12,3.11,3.1,1485,12408,683,1705,2449,1
2020-01-02 09:36:06,3.14,117.000,36738.000,3.15,3.16,3.17,3.18,3.19,1746,2393,1501,2947,2458,3.14,3.13,3.12,3.11,3.1,1368,12408,683,1705,2449,0
2020-01-02 09:36:09,3.14,430.000,135020.000,3.15,3.16,3.17,3.18,3.19,1752,2413,1501,2947,2458,3.14,3.13,3.12,3.11,3.1,1111,12408,683,1705,2449,0
2020-01-02 09:36:12,3.14,16.000,5024.000,3.15,3.16,3.17,3.18,3.19,1952,2463,1541,2947,2468,3.14,3.13,3.12,3.11,3.1,1095,12408,683,1705,2449,0
2020-01-02 09:36:15,3.15,175.000,55125.000,3.15,3.16,3.17,3.18,3.19,1933,2457,1541,2951,2458,3.14,3.13,3.12,3.11,3.1,1599,12408,683,1705,2449,1
2020-01-02 09:36:21,3.15,10.000,3150.000,3.15,3.16,3.17,3.18,3.19,1938,2457,1541,2981,2458,3.14,3.13,3.12,3.11,3.1,1799,12408,683,1705,2449,1
2020-01-02 09:36:27,3.14,4.000,1256.000,3.15,3.16,3.17,3.18,3.19,1897,2457,1576,2981,2458,3.14,3.13,3.12,3.11,3.1,1795,12408,683,1705,2449,0
2020-01-02 09:36:30,3.15,20.000,6300.000,3.15,3.16,3.17,3.18,3.19,1887,2457,1776,2981,2461,3.14,3.13,3.12,3.11,3.1,1901,12408,683,1705,2449,1
2020-01-02 09:36:33,3.14,150.000,47200.000,3.15,3.16,3.17,3.18,3.19,1787,2457,1776,2981,2469,3.14,3.13,3.12,3.11,3.1,1851,12408,683,1705,2449,0
2020-01-02 09:36:45,3.15,99.000,31185.000,3.15,3.16,3.17,3.18,3.19,2379,2567,1874,2981,2469,3.14,3.13,3.12,3.11,3.1,1851,12408,683,1705,2449,1
2020-01-02 09:36:51,3.14,200.000,62800.000,3.15,3.16,3.17,3.18,3.19,2592,2567,1774,2981,2469,3.14,3.13,3.12,3.11,3.1,1701,12408,683,1705,2449,0
2020-01-02 09:36:54,3.14,24.000,7536.000,3.15,3.16,3.17,3.18,3.19,2572,2567,1774,2991,2469,3.14,3.13,3.12,3.11,3.1,1754,12408,708,1705,2449,0
2020-01-02 09:37:00,3.15,520.000,163800.000,3.15,3.16,3.17,3.18,3.19,2152,2573,1904,2925,2469,3.14,3.13,3.12,3.11,3.1,1754,12438,708,1695,2449,1
2020-01-02 09:37:09,3.14,53.000,16642.000,3.15,3.16,3.17,3.18,3.19,2452,2573,1904,2925,2641,3.14,3.13,3.12,3.11,3.1,1701,12543,708,1695,2284,0
2020-01-02 09:37:19,3.15,40.000,12584.000,3.15,3.16,3.17,3.18,3.19,2564,2573,1904,2855,2841,3.14,3.13,3.12,3.11,3.1,1222,12543,708,1695,2284,1
2020-01-02 09:37:21,3.14,82.000,25748.000,3.15,3.16,3.17,3.18,3.19,2564,2573,1904,2855,2841,3.14,3.13,3.12,3.11,3.1,1140,12543,708,1695,2284,0
2020-01-02 09:37:30,3.14,40.000,12590.000,3.15,3.16,3.17,3.18,3.19,2725,2573,1904,2855,2841,3.14,3.13,3.12,3.11,3.1,1034,12543,708,1695,2284,0
2020-01-02 09:37:33,3.15,10.000,3150.000,3.15,3.16,3.17,3.18,3.19,2771,2573,1904,2855,2841,3.14,3.13,3.12,3.11,3.1,1174,12543,308,1685,2284,1
2020-01-02 09:37:42,3.15,27.000,8505.000,3.15,3.16,3.17,3.18,3.19,2932,2573,1904,2855,2861,3.14,3.13,3.12,3.11,3.1,1194,12543,308,1685,2284,1
2020-01-02 09:37:48,3.14,529.000,166106.000,3.15,3.16,3.17,3.18,3.19,3037,2578,1904,2855,2861,3.14,3.13,3.12,3.11,3.1,1231,12543,308,1685,2284,0
2020-01-02 09:37:51,3.15,55.000,17325.000,3.15,3.16,3.17,3.18,3.19,2989,2578,1904,2855,2861,3.14,3.13,3.12,3.11,3.1,1231,12543,308,1685,2284,1
2020-01-02 09:37:54,3.14,17.000,5338.000,3.15,3.16,3.17,3.18,3.19,3019,2588,1904,2855,2861,3.14,3.13,3.12,3.11,3.1,1244,12543,308,1685,2284,0
2020-01-02 09:37:57,3.15,25.000,7875.000,3.15,3.16,3.17,3.18,3.19,2876,2588,1806,2855,2861,3.14,3.13,3.12,3.11,3.1,1369,12543,308,1685,2284,1
2020-01-02 09:38:01,3.14,10.000,3140.000,3.15,3.16,3.17,3.18,3.19,2876,2588,1806,2855,2861,3.14,3.13,3.12,3.11,3.1,1349,12543,308,1685,2314,0
2020-01-02 09:38:06,3.14,50.000,15700.000,3.15,3.16,3.17,3.18,3.19,2626,2588,1756,2855,2861,3.14,3.13,3.12,3.11,3.1,1335,12543,308,1685,2310,0
2020-01-02 09:38:09,3.14,146.000,45857.000,3.15,3.16,3.17,3.18,3.19,2613,2588,1756,2855,2877,3.14,3.13,3.12,3.11,3.1,1302,12543,308,1685,2310,0
2020-01-02 09:38:24,3.14,31.000,9734.000,3.15,3.16,3.17,3.18,3.19,2783,2591,1759,2865,2877,3.14,3.13,3.12,3.11,3.1,1261,12543,308,1685,2280,0
2020-01-02 09:38:27,3.14,1.000,314.000,3.15,3.16,3.17,3.18,3.19,2796,2591,1759,2865,3000,3.14,3.13,3.12,3.11,3.1,1260,12543,308,1685,2280,0
2020-01-02 09:38:30,3.14,29.000,9106.000,3.15,3.16,3.17,3.18,3.19,2796,2591,1759,2865,3000,3.14,3.13,3.12,3.11,3.1,1331,12543,308,1685,2280,0
2020-01-02 09:38:36,3.14,20.000,6280.000,3.15,3.16,3.17,3.18,3.19,2758,2591,1759,2865,3000,3.14,3.13,3.12,3.11,3.1,1311,12438,308,1685,2280,0
2020-01-02 09:38:39,3.14,5.000,1570.000,3.15,3.16,3.17,3.18,3.19,2763,2591,1759,2865,3210,3.14,3.13,3.12,3.11,3.1,1306,12438,308,1685,2280,0
2020-01-02 09:38:42,3.14,40.000,12560.000,3.15,3.16,3.17,3.18,3.19,2798,2591,1778,2865,3210,3.14,3.13,3.12,3.11,3.1,1266,12438,308,1685,2280,0
2020-01-02 09:38:51,3.14,481.000,151034.000,3.15,3.16,3.17,3.18,3.19,3328,2591,1778,2865,3210,3.14,3.13,3.12,3.11,3.1,785,12438,308,1685,2280,0
2020-01-02 09:38:54,3.14,66.000,20724.000,3.15,3.16,3.17,3.18,3.19,3328,2591,1778,2865,3210,3.14,3.13,3.12,3.11,3.1,719,12438,308,1685,2280,0
2020-01-02 09:38:57,3.14,442.000,138788.000,3.15,3.16,3.17,3.18,3.19,3328,2591,1778,2865,3210,3.14,3.13,3.12,3.11,3.1,319,12438,308,1685,2280,0
2020-01-02 09:39:03,3.14,319.000,100166.000,3.14,3.15,3.16,3.17,3.18,3,3481,2591,1778,2865,3.13,3.12,3.11,3.1,3.09,12438,369,1685,2260,575,0
2020-01-02 09:39:21,3.14,124.000,38936.000,3.14,3.15,3.16,3.17,3.18,117,3645,2591,1881,2865,3.13,3.12,3.11,3.1,3.09,12438,269,1685,2260,575,1
2020-01-02 09:39:36,3.13,89.000,27937.000,3.14,3.15,3.16,3.17,3.18,112,3654,2591,2011,2865,3.13,3.12,3.11,3.1,3.09,12429,277,1685,2270,575,0
2020-01-02 09:39:39,3.14,99.000,31086.000,3.14,3.15,3.16,3.17,3.18,13,3664,2591,2011,2865,3.13,3.12,3.11,3.1,3.09,12429,277,1685,2270,575,1
2020-01-02 09:39:51,3.14,36.000,11304.000,3.14,3.15,3.16,3.17,3.18,167,3665,2541,2021,2865,3.13,3.12,3.11,3.1,3.09,12444,277,1685,2270,575,1
2020-01-02 09:39:54,3.13,7.000,2191.000,3.14,3.15,3.16,3.17,3.18,167,3665,2541,2021,2865,3.13,3.12,3.11,3.1,3.09,12437,277,1685,2270,575,0
2020-01-02 09:40:03,3.14,184.000,57776.000,3.14,3.15,3.16,3.17,3.18,13,3725,2541,2021,2865,3.13,3.12,3.11,3.1,3.09,12401,277,1685,2280,575,1
2020-01-02 09:40:09,3.13,50.000,15650.000,3.14,3.15,3.16,3.17,3.18,113,3725,2541,2021,2865,3.13,3.12,3.11,3.1,3.09,12331,277,1685,2280,575,0
2020-01-02 09:40:36,3.13,4.000,1252.000,3.14,3.15,3.16,3.17,3.18,1557,3838,2541,2021,2865,3.13,3.12,3.11,3.1,3.09,12449,317,1665,2250,575,0
2020-01-02 09:40:39,3.14,1.000,314.000,3.14,3.15,3.16,3.17,3.18,1621,3878,2541,2021,2865,3.13,3.12,3.11,3.1,3.09,12449,317,1665,2250,575,1
2020-01-02 09:40:42,3.14,95.000,29830.000,3.14,3.15,3.16,3.17,3.18,1528,3878,2541,2021,2865,3.13,3.12,3.11,3.1,3.09,12499,342,1665,2250,575,1
2020-01-02 09:40:51,3.14,24.000,7531.000,3.14,3.15,3.16,3.17,3.18,1524,3878,2559,2021,2915,3.13,3.12,3.11,3.1,3.09,12499,408,1665,2250,568,1
2020-01-02 09:40:54,3.14,50.000,15700.000,3.14,3.15,3.16,3.17,3.18,1474,3858,2549,2021,2915,3.13,3.12,3.11,3.1,3.09,12499,408,1690,2250,568,1
2020-01-02 09:40:57,3.14,45.000,14130.000,3.14,3.15,3.16,3.17,3.18,1463,3858,2529,2037,2915,3.13,3.12,3.11,3.1,3.09,12499,408,1690,2250,568,1
2020-01-02 09:41:03,3.13,45.000,14085.000,3.14,3.15,3.16,3.17,3.18,1523,3858,2529,2037,2925,3.13,3.12,3.11,3.1,3.09,12464,408,1690,2250,568,0
2020-01-02 09:41:09,3.14,3.000,942.000,3.14,3.15,3.16,3.17,3.18,1520,3758,2529,1907,2944,3.13,3.12,3.11,3.1,3.09,12464,428,1690,2250,568,1
2020-01-02 09:41:18,3.14,2.000,628.000,3.14,3.15,3.16,3.17,3.18,1518,4270,2529,1907,2944,3.13,3.12,3.11,3.1,3.09,12481,420,1710,2250,568,1
2020-01-02 09:41:54,3.14,29.000,9106.000,3.14,3.15,3.16,3.17,3.18,1735,4981,2509,2122,3054,3.13,3.12,3.11,3.1,3.09,12519,420,1806,2281,568,1
2020-01-02 09:41:57,3.13,11.000,3443.000,3.14,3.15,3.16,3.17,3.18,1735,4981,2509,2122,3054,3.13,3.12,3.11,3.1,3.09,12508,420,1806,2281,568,0
2020-01-02 09:42:12,3.14,24.000,7536.000,3.14,3.15,3.16,3.17,3.18,1736,5052,2509,2122,3054,3.13,3.12,3.11,3.1,3.09,12521,420,1806,2277,568,1
2020-01-02 09:42:24,3.14,3.000,942.000,3.14,3.15,3.16,3.17,3.18,1844,5052,2509,2122,3054,3.13,3.12,3.11,3.1,3.09,12611,420,1806,2277,568,1
2020-01-02 09:42:27,3.13,134.000,41942.000,3.14,3.15,3.16,3.17,3.18,1864,5052,2509,2122,3054,3.13,3.12,3.11,3.1,3.09,12477,420,1806,2277,568,0
2020-01-02 09:42:39,3.14,100.000,31400.000,3.14,3.15,3.16,3.17,3.18,1764,5102,2454,2122,3044,3.13,3.12,3.11,3.1,3.09,12516,420,1796,2277,568,1
2020-01-02 09:42:48,3.13,58.000,18204.000,3.14,3.15,3.16,3.17,3.18,1854,5212,2454,2151,3188,3.13,3.12,3.11,3.1,3.09,12541,420,1798,2277,618,0
2020-01-02 09:42:51,3.14,3.000,942.000,3.14,3.15,3.16,3.17,3.18,1851,5212,2454,2051,3188,3.13,3.12,3.11,3.1,3.09,12441,420,1798,2277,618,1
2020-01-02 09:42:54,3.14,12.000,3768.000,3.14,3.15,3.16,3.17,3.18,1839,5212,2454,2051,3188,3.13,3.12,3.11,3.1,3.09,12441,420,1798,2277,618,1
2020-01-02 09:43:06,3.14,78.000,24449.000,3.14,3.15,3.16,3.17,3.18,1858,5242,2454,2061,3188,3.13,3.12,3.11,3.1,3.09,12408,420,1798,2262,618,1
2020-01-02 09:43:15,3.14,1.000,314.000,3.14,3.15,3.16,3.17,3.18,1869,5240,2444,2061,3188,3.13,3.12,3.11,3.1,3.09,12416,420,1798,2262,818,1
2020-01-02 09:43:21,3.14,20.000,6280.000,3.14,3.15,3.16,3.17,3.18,1895,5240,2444,2061,3188,3.13,3.12,3.11,3.1,3.09,12416,420,1798,2262,818,1
2020-01-02 09:43:33,3.14,16.000,5024.000,3.14,3.15,3.16,3.17,3.18,2032,5244,2444,2061,3258,3.13,3.12,3.11,3.1,3.09,12383,420,1798,2264,818,1
2020-01-02 09:44:09,3.14,62.000,19468.000,3.14,3.15,3.16,3.17,3.18,2197,5353,2444,1853,3226,3.13,3.12,3.11,3.1,3.09,12383,407,1798,2244,838,1
2020-01-02 09:44:12,3.13,70.000,21910.000,3.14,3.15,3.16,3.17,3.18,2197,5353,2444,1853,3226,3.13,3.12,3.11,3.1,3.09,12313,407,1798,2244,838,0
2020-01-02 09:44:25,3.14,24.000,7536.000,3.14,3.15,3.16,3.17,3.18,2242,5354,2444,1853,3226,3.13,3.12,3.11,3.1,3.09,12317,407,1798,1029,838,1
2020-01-02 09:44:36,3.13,60.000,18780.000,3.14,3.15,3.16,3.17,3.18,2373,5399,2444,1853,3306,3.13,3.12,3.11,3.1,3.09,12207,407,1848,1095,838,0
2020-01-02 09:44:57,3.14,10.000,3140.000,3.14,3.15,3.16,3.17,3.18,2384,4859,2454,1853,3311,3.13,3.12,3.11,3.1,3.09,12303,407,1848,1095,788,1
2020-01-02 09:45:03,3.14,34.000,10676.000,3.14,3.15,3.16,3.17,3.18,2512,4855,2454,1856,3311,3.13,3.12,3.11,3.1,3.09,12303,407,1848,1095,788,1
2020-01-02 09:45:06,3.14,95.000,29830.000,3.14,3.15,3.16,3.17,3.18,2417,4855,2454,1856,3411,3.13,3.12,3.11,3.1,3.09,12303,407,1848,1095,788,1
2020-01-02 09:45:30,3.13,1.000,313.000,3.14,3.15,3.16,3.17,3.18,2671,4915,2444,1856,3461,3.13,3.12,3.11,3.1,3.09,12294,407,1848,1122,788,0
2020-01-02 09:45:39,3.14,100.000,31400.000,3.14,3.15,3.16,3.17,3.18,3285,4916,2444,1856,3461,3.13,3.12,3.11,3.1,3.09,12294,407,1848,1122,788,1
2020-01-02 09:45:54,3.14,5.000,1570.000,3.14,3.15,3.16,3.17,3.18,3390,4816,2344,1889,3461,3.13,3.12,3.11,3.1,3.09,12294,407,1848,1172,828,1
2020-01-02 09:46:03,3.13,10.000,3130.000,3.14,3.15,3.16,3.17,3.18,3520,4816,2394,1889,3461,3.13,3.12,3.11,3.1,3.09,12294,407,1848,1172,828,0
2020-01-02 09:46:18,3.14,15.000,4710.000,3.14,3.15,3.16,3.17,3.18,3198,4816,2394,1889,3511,3.13,3.12,3.11,3.1,3.09,12442,407,1823,1172,828,1
2020-01-02 09:46:27,3.13,13.000,4069.000,3.14,3.15,3.16,3.17,3.18,3217,4816,2394,1889,3511,3.13,3.12,3.11,3.1,3.09,12429,407,1823,1172,828,0
2020-01-02 09:46:30,3.14,11.000,3454.000,3.14,3.15,3.16,3.17,3.18,3291,4826,2394,1889,3511,3.13,3.12,3.11,3.1,3.09,12429,407,1823,1172,828,1
2020-01-02 09:46:39,3.14,2.000,628.000,3.14,3.15,3.16,3.17,3.18,3615,4924,2394,1889,3611,3.13,3.12,3.11,3.1,3.09,12437,437,1823,1172,828,1
2020-01-02 09:46:51,3.13,79.000,24727.000,3.14,3.15,3.16,3.17,3.18,3669,4924,2394,1889,3611,3.13,3.12,3.11,3.1,3.09,12358,437,1823,1139,828,0
2020-01-02 09:46:54,3.13,42.000,13146.000,3.14,3.15,3.16,3.17,3.18,3669,4974,2394,1889,3611,3.13,3.12,3.11,3.1,3.09,12316,437,1823,1139,828,0
2020-01-02 09:47:06,3.14,2.000,628.000,3.14,3.15,3.16,3.17,3.18,3675,4974,2394,2254,3611,3.13,3.12,3.11,3.1,3.09,12334,437,1823,1139,828,1
2020-01-02 09:47:24,3.14,59.000,18477.000,3.14,3.15,3.16,3.17,3.18,3817,4974,2394,2254,3611,3.13,3.12,3.11,3.1,3.09,12885,437,1830,1139,828,1
2020-01-02 09:47:51,3.13,10.000,3130.000,3.14,3.15,3.16,3.17,3.18,3900,5068,2462,2254,3637,3.13,3.12,3.11,3.1,3.09,12920,437,1840,1139,853,0
2020-01-02 09:47:54,3.13,1.000,313.000,3.14,3.15,3.16,3.17,3.18,3900,5068,2462,2254,3637,3.13,3.12,3.11,3.1,3.09,12919,472,1840,1139,853,0
2020-01-02 09:48:12,3.14,70.000,21980.000,3.14,3.15,3.16,3.17,3.18,3793,5068,2462,2254,3637,3.13,3.12,3.11,3.1,3.09,12919,472,1990,1149,853,1
2020-01-02 09:48:15,3.13,38.000,11894.000,3.14,3.15,3.16,3.17,3.18,3962,5068,2462,2254,3637,3.13,3.12,3.11,3.1,3.09,12896,472,1990,1149,853,0
2020-01-02 09:48:18,3.14,11.000,3454.000,3.14,3.15,3.16,3.17,3.18,4081,5068,2462,2254,3637,3.13,3.12,3.11,3.1,3.09,12896,472,1990,1149,853,1
2020-01-02 09:48:42,3.13,200.000,62600.000,3.14,3.15,3.16,3.17,3.18,4322,5068,2442,2254,3637,3.13,3.12,3.11,3.1,3.09,12713,472,1990,1149,853,0
2020-01-02 09:48:52,3.14,73.000,22922.000,3.14,3.15,3.16,3.17,3.18,4819,5168,2442,2254,3637,3.13,3.12,3.11,3.1,3.09,12713,472,1990,1149,853,1
2020-01-02 09:49:06,3.14,5.000,1570.000,3.14,3.15,3.16,3.17,3.18,4847,5179,2450,2254,3637,3.13,3.12,3.11,3.1,3.09,12613,472,1990,1147,853,1
2020-01-02 09:49:09,3.13,66.000,20697.000,3.14,3.15,3.16,3.17,3.18,4808,5183,2450,2254,3637,3.13,3.12,3.11,3.1,3.09,12586,472,1990,1177,853,0
2020-01-02 09:49:18,3.13,20.000,6260.000,3.14,3.15,3.16,3.17,3.18,4915,5183,2450,2254,3637,3.13,3.12,3.11,3.1,3.09,12566,472,1990,1177,853,0
2020-01-02 09:49:33,3.14,11.000,3454.000,3.14,3.15,3.16,3.17,3.18,5224,5183,2463,2294,3637,3.13,3.12,3.11,3.1,3.09,12783,472,2020,1207,953,1
2020-01-02 09:49:45,3.13,33.000,10329.000,3.14,3.15,3.16,3.17,3.18,5374,5222,2463,2364,3641,3.13,3.12,3.11,3.1,3.09,12770,472,2020,1157,953,0
2020-01-02 09:49:54,3.13,30.000,9390.000,3.14,3.15,3.16,3.17,3.18,5384,5222,2463,2367,3641,3.13,3.12,3.11,3.1,3.09,12667,472,2020,1187,953,0
2020-01-02 09:49:57,3.14,16.000,5024.000,3.14,3.15,3.16,3.17,3.18,5368,5222,2463,2367,3641,3.13,3.12,3.11,3.1,3.09,12667,472,2020,1187,953,1
2020-01-02 09:50:12,3.14,1.000,314.000,3.14,3.15,3.16,3.17,3.18,5400,5258,2463,2387,3641,3.13,3.12,3.11,3.1,3.09,12719,472,2020,1121,953,1
2020-01-02 09:50:18,3.14,20.000,6280.000,3.14,3.15,3.16,3.17,3.18,5337,5258,2463,2387,3641,3.13,3.12,3.11,3.1,3.09,12739,472,2020,1121,953,1
2020-01-02 09:50:39,3.14,58.000,18212.000,3.14,3.15,3.16,3.17,3.18,5299,5258,2462,2387,3641,3.13,3.12,3.11,3.1,3.09,12784,492,2020,1121,953,1
2020-01-02 09:50:52,3.14,65.000,20410.000,3.14,3.15,3.16,3.17,3.18,5234,5290,2462,2397,3641,3.13,3.12,3.11,3.1,3.09,12784,492,2020,1121,953,1
2020-01-02 09:50:54,3.13,43.000,13459.000,3.14,3.15,3.16,3.17,3.18,5234,5290,2462,2397,3641,3.13,3.12,3.11,3.1,3.09,12741,492,2020,1121,953,0
2020-01-02 09:50:57,3.14,12.000,3768.000,3.14,3.15,3.16,3.17,3.18,5222,5290,2262,2397,3641,3.13,3.12,3.11,3.1,3.09,13130,492,2020,1121,953,1
2020-01-02 09:51:09,3.14,10.000,3140.000,3.14,3.15,3.16,3.17,3.18,5511,5290,2257,2397,3641,3.13,3.12,3.11,3.1,3.09,13124,492,2020,1121,953,1
2020-01-02 09:51:18,3.14,10.000,3140.000,3.14,3.15,3.16,3.17,3.18,5237,5290,2257,2397,3641,3.13,3.12,3.11,3.1,3.09,13124,492,2020,1121,953,1
2020-01-02 09:51:30,3.14,3.000,942.000,3.14,3.15,3.16,3.17,3.18,5236,5492,2257,2397,3641,3.13,3.12,3.11,3.1,3.09,13124,492,2020,1121,953,1
2020-01-02 09:51:36,3.14,20.000,6280.000,3.14,3.15,3.16,3.17,3.18,5219,5492,2261,2397,3641,3.13,3.12,3.11,3.1,3.09,12957,492,2020,1121,953,1
2020-01-02 09:51:42,3.13,10.000,3130.000,3.14,3.15,3.16,3.17,3.18,5224,5492,2261,2397,3641,3.13,3.12,3.11,3.1,3.09,12947,492,2020,1121,953,0
2020-01-02 09:51:57,3.13,270.000,84510.000,3.14,3.15,3.16,3.17,3.18,5270,5495,2261,2397,3641,3.13,3.12,3.11,3.1,3.09,12737,492,2020,1121,953,0
2020-01-02 09:52:03,3.14,16.000,5024.000,3.14,3.15,3.16,3.17,3.18,5254,5495,2261,2397,3641,3.13,3.12,3.11,3.1,3.09,12737,492,2020,1121,953,1
2020-01-02 09:52:18,3.14,105.000,32970.000,3.14,3.15,3.16,3.17,3.18,5229,5495,2261,2397,3641,3.13,3.12,3.11,3.1,3.09,12738,512,2020,1121,953,1
2020-01-02 09:52:48,3.13,568.000,178172.000,3.14,3.15,3.16,3.17,3.18,5542,5684,2261,2397,3641,3.13,3.12,3.11,3.1,3.09,12176,512,2020,1121,953,0
2020-01-02 09:52:51,3.13,60.000,18780.000,3.14,3.15,3.16,3.17,3.18,5542,5684,2238,2397,3641,3.13,3.12,3.11,3.1,3.09,12108,512,2020,1121,953,0
2020-01-02 09:53:07,3.14,23.000,7222.000,3.14,3.15,3.16,3.17,3.18,5625,6031,2238,2397,3641,3.13,3.12,3.11,3.1,3.09,12206,512,2020,1121,953,1
2020-01-02 09:53:12,3.13,10.000,3130.000,3.14,3.15,3.16,3.17,3.18,5625,6231,2238,2397,3641,3.13,3.12,3.11,3.1,3.09,12196,513,2020,1121,953,0
2020-01-02 09:53:15,3.14,1.000,314.000,3.14,3.15,3.16,3.17,3.18,5624,6273,2238,2397,3641,3.13,3.12,3.11,3.1,3.09,12196,513,2020,1124,953,1
2020-01-02 09:53:21,3.14,44.000,13816.000,3.14,3.15,3.16,3.17,3.18,5585,6273,2238,2397,3641,3.13,3.12,3.11,3.1,3.09,12206,513,2020,1124,953,1
2020-01-02 09:53:24,3.14,50.000,15700.000,3.14,3.15,3.16,3.17,3.18,5585,6273,2238,2397,3641,3.13,3.12,3.11,3.1,3.09,12206,513,2020,1124,953,1
2020-01-02 09:53:36,3.13,10.000,3130.000,3.14,3.15,3.16,3.17,3.18,5629,6273,2239,2397,3641,3.13,3.12,3.11,3.1,3.09,12246,508,2010,1124,953,0
2020-01-02 09:53:45,3.14,1.000,314.000,3.14,3.15,3.16,3.17,3.18,6041,6273,2239,2397,3641,3.13,3.12,3.11,3.1,3.09,12246,508,2010,1124,953,1
2020-01-02 09:54:00,3.14,4.000,1256.000,3.14,3.15,3.16,3.17,3.18,6042,6273,2239,2397,3641,3.13,3.12,3.11,3.1,3.09,12246,508,2010,1124,963,1
2020-01-02 09:54:21,3.14,1.000,314.000,3.14,3.15,3.16,3.17,3.18,6130,6283,2253,2397,3641,3.13,3.12,3.11,3.1,3.09,12326,508,2010,1124,963,1
2020-01-02 09:54:27,3.14,20.000,6280.000,3.14,3.15,3.16,3.17,3.18,6080,6283,2253,2397,3641,3.13,3.12,3.11,3.1,3.09,12326,508,2010,1124,963,1
2020-01-02 09:54:30,3.13,1310.000,410030.000,3.14,3.15,3.16,3.17,3.18,6075,6283,2253,2397,3641,3.13,3.12,3.11,3.1,3.09,11016,508,2010,1124,963,0
2020-01-02 09:54:39,3.14,58.000,18212.000,3.14,3.15,3.16,3.17,3.18,6062,6233,2253,2397,3641,3.13,3.12,3.11,3.1,3.09,11016,508,2010,1124,963,1
2020-01-02 09:54:46,3.14,5.000,1570.000,3.14,3.15,3.16,3.17,3.18,6057,6233,2253,2397,3741,3.13,3.12,3.11,3.1,3.09,11016,528,2010,1124,963,1
2020-01-02 09:54:48,3.14,1.000,314.000,3.14,3.15,3.16,3.17,3.18,6056,6233,2253,2397,3761,3.13,3.12,3.11,3.1,3.09,11016,568,2010,1124,963,1
2020-01-02 09:54:51,3.14,201.000,63114.000,3.14,3.15,3.16,3.17,3.18,5860,6233,2293,2397,3761,3.13,3.12,3.11,3.1,3.09,11016,568,2010,1124,963,1
2020-01-02 09:55:03,3.14,72.000,22608.000,3.14,3.15,3.16,3.17,3.18,6283,6233,2293,2397,3761,3.13,3.12,3.11,3.1,3.09,11016,567,2040,1124,963,1
2020-01-02 09:55:15,3.14,20.000,6280.000,3.14,3.15,3.16,3.17,3.18,6263,6233,2293,2397,3761,3.13,3.12,3.11,3.1,3.09,11016,570,2040,1124,963,1
2020-01-02 09:55:30,3.14,20.000,6280.000,3.14,3.15,3.16,3.17,3.18,6743,6283,2293,2397,3761,3.13,3.12,3.11,3.1,3.09,11016,570,2040,1124,963,1
2020-01-02 09:55:36,3.14,4.000,1256.000,3.14,3.15,3.16,3.17,3.18,6809,6283,2293,2397,3761,3.13,3.12,3.11,3.1,3.09,10999,530,2040,1124,963,1
2020-01-02 09:55:46,3.13,217.000,67921.000,3.14,3.15,3.16,3.17,3.18,6809,6283,2293,2397,3761,3.13,3.12,3.11,3.1,3.09,10782,530,2040,1124,963,0
2020-01-02 09:55:48,3.14,67.000,21038.000,3.14,3.15,3.16,3.17,3.18,6742,6283,2293,2397,3761,3.13,3.12,3.11,3.1,3.09,10835,530,2040,1124,963,1
2020-01-02 09:55:54,3.13,591.000,184983.000,3.14,3.15,3.16,3.17,3.18,6796,6283,2293,2397,3761,3.13,3.12,3.11,3.1,3.09,10244,530,2040,1124,963,0
2020-01-02 09:56:21,3.13,120.000,37580.000,3.14,3.15,3.16,3.17,3.18,7067,6295,2293,2397,3783,3.13,3.12,3.11,3.1,3.09,10208,528,2040,1167,963,0
2020-01-02 09:56:39,3.13,11.000,3443.000,3.14,3.15,3.16,3.17,3.18,7067,6300,2293,2397,3783,3.13,3.12,3.11,3.1,3.09,10235,528,2040,1167,963,0
2020-01-02 09:56:46,3.14,10.000,3140.000,3.14,3.15,3.16,3.17,3.18,7299,6305,2293,2397,3783,3.13,3.12,3.11,3.1,3.09,10425,528,2040,1146,963,1
2020-01-02 09:56:48,3.13,140.000,43820.000,3.14,3.15,3.16,3.17,3.18,7299,6305,2293,2397,3783,3.13,3.12,3.11,3.1,3.09,10285,528,2040,1146,963,0
2020-01-02 09:57:06,3.13,21.000,6573.000,3.14,3.15,3.16,3.17,3.18,7339,6305,2293,2397,3883,3.13,3.12,3.11,3.1,3.09,10294,528,2040,1146,963,0
2020-01-02 09:57:12,3.14,154.000,48356.000,3.14,3.15,3.16,3.17,3.18,7185,6305,2293,2397,3883,3.13,3.12,3.11,3.1,3.09,10292,528,2040,1146,963,1
2020-01-02 09:57:16,3.13,1.000,313.000,3.14,3.15,3.16,3.17,3.18,7232,6305,2293,2397,3883,3.13,3.12,3.11,3.1,3.09,10291,528,2040,1146,963,0
2020-01-02 09:57:18,3.14,20.000,6280.000,3.14,3.15,3.16,3.17,3.18,7112,6305,2293,2397,3883,3.13,3.12,3.11,3.1,3.09,10291,528,2040,1146,963,1
2020-01-02 09:57:21,3.14,100.000,31400.000,3.14,3.15,3.16,3.17,3.18,7012,6305,2293,2397,3883,3.13,3.12,3.11,3.1,3.09,10291,528,2040,1146,963,1
2020-01-02 09:57:24,3.13,16.000,5008.000,3.14,3.15,3.16,3.17,3.18,7330,6305,2293,2397,3883,3.13,3.12,3.11,3.1,3.09,10296,528,2040,1246,963,0
2020-01-02 09:57:33,3.13,182.000,56968.000,3.14,3.15,3.16,3.17,3.18,7308,6116,2265,2397,3883,3.13,3.12,3.11,3.1,3.09,10116,528,2040,1246,963,0
2020-01-02 09:57:36,3.13,250.000,78250.000,3.14,3.15,3.16,3.17,3.18,7308,6112,2265,2397,3883,3.13,3.12,3.11,3.1,3.09,9876,528,2040,1246,963,0
2020-01-02 09:57:39,3.13,33.000,10329.000,3.14,3.15,3.16,3.17,3.18,7294,6083,2265,2397,3883,3.13,3.12,3.11,3.1,3.09,9843,528,2040,1246,963,0
2020-01-02 09:57:45,3.13,10.000,3130.000,3.14,3.15,3.16,3.17,3.18,7314,6083,2265,2397,3883,3.13,3.12,3.11,3.1,3.09,9833,528,2040,1246,963,0
2020-01-02 09:57:51,3.13,179.000,56027.000,3.14,3.15,3.16,3.17,3.18,7314,6083,2265,2397,3883,3.13,3.12,3.11,3.1,3.09,9664,528,2040,1246,963,0
2020-01-02 09:57:57,3.13,5.000,1565.000,3.14,3.15,3.16,3.17,3.18,7201,6083,2265,2397,3883,3.13,3.12,3.11,3.1,3.09,9659,528,2040,1246,963,0
2020-01-02 09:58:00,3.14,1.000,314.000,3.14,3.15,3.16,3.17,3.18,7210,6083,2265,2397,3883,3.13,3.12,3.11,3.1,3.09,9659,528,2040,1246,963,1
2020-01-02 09:58:04,3.14,504.000,157998.000,3.14,3.15,3.16,3.17,3.18,6954,6082,2265,2397,3883,3.13,3.12,3.11,3.1,3.09,9482,528,2040,1246,963,1
2020-01-02 09:58:15,3.14,9.000,2826.000,3.14,3.15,3.16,3.17,3.18,6953,6142,2265,2397,3883,3.13,3.12,3.11,3.1,3.09,9474,534,2040,1246,963,1
2020-01-02 09:58:21,3.14,29.000,9106.000,3.14,3.15,3.16,3.17,3.18,6373,6142,2265,2397,3883,3.13,3.12,3.11,3.1,3.09,9474,534,2040,1246,963,1
2020-01-02 09:58:24,3.13,10.000,3130.000,3.14,3.15,3.16,3.17,3.18,6383,6142,2265,2397,3883,3.13,3.12,3.11,3.1,3.09,9464,534,2040,1246,963,0
2020-01-02 09:58:42,3.13,310.000,97330.000,3.14,3.15,3.16,3.17,3.18,6311,5932,2265,2397,3925,3.13,3.12,3.11,3.1,3.09,9514,539,2040,1246,963,0
2020-01-02 09:58:45,3.13,607.000,189991.000,3.14,3.15,3.16,3.17,3.18,6311,5981,2265,2397,3925,3.13,3.12,3.11,3.1,3.09,8907,539,2040,1246,963,0
2020-01-02 09:59:03,3.13,12.000,3756.000,3.14,3.15,3.16,3.17,3.18,6693,6038,2265,2397,3925,3.13,3.12,3.11,3.1,3.09,8803,539,2060,1246,963,0
2020-01-02 09:59:09,3.13,270.000,84510.000,3.14,3.15,3.16,3.17,3.18,6693,6038,2265,2397,3925,3.13,3.12,3.11,3.1,3.09,8543,539,2060,1246,963,0
2020-01-02 09:59:15,3.14,5.000,1570.000,3.14,3.15,3.16,3.17,3.18,6688,6238,2265,2387,3925,3.13,3.12,3.11,3.1,3.09,8553,539,2030,1246,963,1
2020-01-02 09:59:24,3.14,150.000,47100.000,3.14,3.15,3.16,3.17,3.18,6550,6297,2265,2387,3925,3.13,3.12,3.11,3.1,3.09,8553,539,2030,1246,968,1
2020-01-02 09:59:30,3.13,10.000,3130.000,3.14,3.15,3.16,3.17,3.18,6684,6097,2265,2387,3925,3.13,3.12,3.11,3.1,3.09,8543,539,2030,1246,968,0
2020-01-02 09:59:36,3.13,5.000,1565.000,3.14,3.15,3.16,3.17,3.18,6684,6031,2265,2387,3925,3.13,3.12,3.11,3.1,3.09,8538,571,2030,1246,968,0
2020-01-02 09:59:39,3.14,10.000,3140.000,3.14,3.15,3.16,3.17,3.18,6674,6031,2265,2387,3925,3.13,3.12,3.11,3.1,3.09,8538,571,2030,1246,968,1
2020-01-02 09:59:57,3.13,3.000,939.000,3.14,3.15,3.16,3.17,3.18,6939,6022,2265,2382,3945,3.13,3.12,3.11,3.1,3.09,8535,571,2030,1246,1066,0
2020-01-02 10:00:00,3.13,1.000,313.000,3.14,3.15,3.16,3.17,3.18,7002,6022,2265,2382,3945,3.13,3.12,3.11,3.1,3.09,8534,571,2030,1246,1066,0
2020-01-02 10:00:03,3.14,7.000,2198.000,3.14,3.15,3.16,3.17,3.18,6995,6022,2265,2382,3945,3.13,3.12,3.11,3.1,3.09,8534,571,2030,1246,1066,1
2020-01-02 10:00:36,3.13,296.000,92747.000,3.14,3.15,3.16,3.17,3.18,7085,5904,2276,2382,3945,3.13,3.12,3.11,3.1,3.09,8427,571,2030,1246,1124,0
2020-01-02 10:00:39,3.14,17.000,5338.000,3.14,3.15,3.16,3.17,3.18,7248,5904,2276,2382,3945,3.13,3.12,3.11,3.1,3.09,8427,571,2030,1246,1124,1
2020-01-02 10:00:42,3.13,128.000,40064.000,3.14,3.15,3.16,3.17,3.18,7275,5904,2286,2382,3945,3.13,3.12,3.11,3.1,3.09,8299,571,2030,1246,1124,0
2020-01-02 10:01:12,3.14,10.000,3140.000,3.14,3.15,3.16,3.17,3.18,7275,5909,2094,2382,3955,3.13,3.12,3.11,3.1,3.09,8389,585,2030,1261,1124,1
2020-01-02 10:01:15,3.13,30.000,9390.000,3.14,3.15,3.16,3.17,3.18,7375,5909,2094,2382,3955,3.13,3.12,3.11,3.1,3.09,8364,585,2030,1261,1124,0
2020-01-02 10:01:28,3.13,102.000,31928.000,3.14,3.15,3.16,3.17,3.18,7047,5909,2094,2382,3975,3.13,3.12,3.11,3.1,3.09,8211,585,2050,1231,1124,0
2020-01-02 10:01:30,3.13,120.000,37560.000,3.14,3.15,3.16,3.17,3.18,7047,5909,2094,2382,3975,3.13,3.12,3.11,3.1,3.09,8091,585,2050,1231,1124,0
2020-01-02 10:01:36,3.13,28.000,8764.000,3.14,3.15,3.16,3.17,3.18,7047,5909,2094,2382,3975,3.13,3.12,3.11,3.1,3.09,8063,585,2050,1231,1124,0
2020-01-02 10:01:54,3.13,30.000,9390.000,3.14,3.15,3.16,3.17,3.18,7047,5909,2094,2382,3975,3.13,3.12,3.11,3.1,3.09,8055,585,1847,1231,1124,0
2020-01-02 10:02:03,3.13,224.000,70112.000,3.14,3.15,3.16,3.17,3.18,7047,6009,2094,2382,3975,3.13,3.12,3.11,3.1,3.09,7841,585,1847,1231,1124,0
2020-01-02 10:02:12,3.13,1.000,313.000,3.14,3.15,3.16,3.17,3.18,7047,6009,2094,2382,3980,3.13,3.12,3.11,3.1,3.09,7940,585,1847,1231,1124,0
2020-01-02 10:02:15,3.13,33.000,10361.000,3.14,3.15,3.16,3.17,3.18,7015,6009,2094,2382,3980,3.13,3.12,3.11,3.1,3.09,7939,585,1847,1231,1124,0
2020-01-02 10:02:24,3.13,166.000,52008.000,3.14,3.15,3.16,3.17,3.18,6965,6009,2094,2382,3954,3.13,3.12,3.11,3.1,3.09,7726,585,1847,1231,1124,0
2020-01-02 10:02:33,3.13,22.000,6886.000,3.14,3.15,3.16,3.17,3.18,7026,6045,2044,2473,3954,3.13,3.12,3.11,3.1,3.09,7712,585,1847,1231,1124,0
2020-01-02 10:02:39,3.13,11.000,3444.000,3.14,3.15,3.16,3.17,3.18,7025,6045,2044,2473,3954,3.13,3.12,3.11,3.1,3.09,7702,585,1847,1231,1124,0
2020-01-02 10:02:42,3.13,40.000,12520.000,3.14,3.15,3.16,3.17,3.18,6927,6045,2044,2473,3954,3.13,3.12,3.11,3.1,3.09,7663,585,1847,1231,1124,0
2020-01-02 10:02:51,3.13,108.000,33804.000,3.14,3.15,3.16,3.17,3.18,6927,6045,2044,2440,3742,3.13,3.12,3.11,3.1,3.09,7687,585,1847,1231,1124,0
2020-01-02 10:03:09,3.13,2.000,626.000,3.14,3.15,3.16,3.17,3.18,7257,6045,2044,2490,3742,3.13,3.12,3.11,3.1,3.09,7695,585,1827,1236,1124,0
2020-01-02 10:03:12,3.13,50.000,15650.000,3.14,3.15,3.16,3.17,3.18,7257,6045,2044,2490,3742,3.13,3.12,3.11,3.1,3.09,7657,585,1827,1236,1124,0
2020-01-02 10:03:16,3.13,36.000,11268.000,3.14,3.15,3.16,3.17,3.18,7257,6025,2044,2490,3742,3.13,3.12,3.11,3.1,3.09,7621,585,1827,1236,1124,0
2020-01-02 10:03:21,3.13,100.000,31300.000,3.14,3.15,3.16,3.17,3.18,7307,6025,2044,2490,3742,3.13,3.12,3.11,3.1,3.09,7521,615,1827,1236,1124,0
2020-01-02 10:03:31,3.13,100.000,31300.000,3.14,3.15,3.16,3.17,3.18,7307,6048,2044,2490,3742,3.13,3.12,3.11,3.1,3.09,7421,615,1827,1236,1156,0
2020-01-02 10:03:43,3.13,4.000,1252.000,3.14,3.15,3.16,3.17,3.18,7307,6044,2044,2490,3742,3.13,3.12,3.11,3.1,3.09,7432,615,1827,1240,1156,0
2020-01-02 10:03:45,3.13,304.000,95152.000,3.14,3.15,3.16,3.17,3.18,7307,6044,2044,2490,3742,3.13,3.12,3.11,3.1,3.09,7128,615,1827,1240,1156,0
2020-01-02 10:03:51,3.14,59.000,18517.000,3.14,3.15,3.16,3.17,3.18,7257,6044,2044,2490,3742,3.13,3.12,3.11,3.1,3.09,7119,715,1827,1240,1156,1
2020-01-02 10:03:58,3.13,50.000,15650.000,3.14,3.15,3.16,3.17,3.18,7257,6044,2044,2490,3742,3.13,3.12,3.11,3.1,3.09,7069,715,1827,1240,1173,0
2020-01-02 10:04:04,3.14,69.000,21666.000,3.14,3.15,3.16,3.17,3.18,7244,6044,2044,2490,3742,3.13,3.12,3.11,3.1,3.09,7069,715,1827,1240,1173,1
2020-01-02 10:04:09,3.13,63.000,19719.000,3.14,3.15,3.16,3.17,3.18,7244,6049,2044,2490,3742,3.13,3.12,3.11,3.1,3.09,7006,715,1827,1256,1173,0
2020-01-02 10:04:15,3.14,5.000,1570.000,3.14,3.15,3.16,3.17,3.18,7243,6049,2044,2490,3752,3.13,3.12,3.11,3.1,3.09,7006,715,1827,1256,1173,1
2020-01-02 10:04:25,3.13,15.000,4695.000,3.14,3.15,3.16,3.17,3.18,7243,6049,2044,2490,3752,3.13,3.12,3.11,3.1,3.09,6991,735,1827,1256,1173,0
2020-01-02 10:04:33,3.14,15.000,4710.000,3.14,3.15,3.16,3.17,3.18,7248,6049,2044,2390,3752,3.13,3.12,3.11,3.1,3.09,7031,735,1827,1256,1173,1
2020-01-02 10:04:36,3.13,1.000,313.000,3.14,3.15,3.16,3.17,3.18,7261,6049,2044,2390,3752,3.13,3.12,3.11,3.1,3.09,7030,835,1827,1256,1173,0
2020-01-02 10:04:42,3.13,12.000,3756.000,3.14,3.15,3.16,3.17,3.18,7235,6049,2044,2390,3752,3.13,3.12,3.11,3.1,3.09,7023,835,1827,1256,1173,0
2020-01-02 10:05:03,3.14,1.000,314.000,3.14,3.15,3.16,3.17,3.18,7287,6166,2044,2390,3862,3.13,3.12,3.11,3.1,3.09,7206,835,1833,1256,1481,1
2020-01-02 10:05:09,3.13,9.000,2817.000,3.14,3.15,3.16,3.17,3.18,7287,6166,2044,2390,3935,3.13,3.12,3.11,3.1,3.09,7197,865,1833,1256,1481,0
2020-01-02 10:05:12,3.13,128.000,40064.000,3.14,3.15,3.16,3.17,3.18,7287,6166,2044,2353,3935,3.13,3.12,3.11,3.1,3.09,7069,865,1833,1256,1481,0
2020-01-02 10:05:15,3.13,83.000,25979.000,3.14,3.15,3.16,3.17,3.18,7287,6166,2044,2353,3935,3.13,3.12,3.11,3.1,3.09,6986,865,1833,1256,1481,0
2020-01-02 10:05:21,3.13,10.000,3130.000,3.14,3.15,3.16,3.17,3.18,7374,6166,2044,2353,3935,3.13,3.12,3.11,3.1,3.09,7049,865,1833,1256,1481,0
2020-01-02 10:05:27,3.14,40.000,12560.000,3.14,3.15,3.16,3.17,3.18,7334,6176,2044,2353,3935,3.13,3.12,3.11,3.1,3.09,7053,865,1833,1256,1481,1
2020-01-02 10:05:30,3.13,20.000,6260.000,3.14,3.15,3.16,3.17,3.18,7334,6176,2044,2353,3935,3.13,3.12,3.11,3.1,3.09,7033,865,1833,1256,1481,0
2020-01-02 10:05:39,3.14,2.000,628.000,3.14,3.15,3.16,3.17,3.18,7362,6176,2044,2453,3966,3.13,3.12,3.11,3.1,3.09,7026,1046,1833,1256,1481,1
2020-01-02 10:05:42,3.14,34.000,10676.000,3.14,3.15,3.16,3.17,3.18,7328,6176,2044,2453,3966,3.13,3.12,3.11,3.1,3.09,7026,1046,1833,1256,1481,1
2020-01-02 10:06:00,3.13,50.000,15650.000,3.14,3.15,3.16,3.17,3.18,7328,6176,2044,2453,3966,3.13,3.12,3.11,3.1,3.09,7004,994,1933,1256,1496,0
2020-01-02 10:06:03,3.13,146.000,45698.000,3.14,3.15,3.16,3.17,3.18,7328,6176,2044,2453,3966,3.13,3.12,3.11,3.1,3.09,6785,994,1933,1256,1496,0
2020-01-02 10:06:24,3.13,200.000,62600.000,3.14,3.15,3.16,3.17,3.18,7414,6210,2080,2465,3966,3.13,3.12,3.11,3.1,3.09,6688,994,1933,1256,1496,0
2020-01-02 10:06:30,3.13,443.000,138659.000,3.14,3.15,3.16,3.17,3.18,7486,6210,2080,2465,3966,3.13,3.12,3.11,3.1,3.09,6331,994,1933,1256,1496,0
2020-01-02 10:06:45,3.13,5.000,1565.000,3.14,3.15,3.16,3.17,3.18,7486,6212,2096,2565,3966,3.13,3.12,3.11,3.1,3.09,6253,994,1933,1256,1496,0
2020-01-02 10:06:54,3.13,78.000,24414.000,3.14,3.15,3.16,3.17,3.18,7580,6262,2096,2565,3966,3.13,3.12,3.11,3.1,3.09,6145,994,1933,1256,1496,0
2020-01-02 10:07:00,3.13,5.000,1565.000,3.14,3.15,3.16,3.17,3.18,7598,6277,2096,2565,3966,3.13,3.12,3.11,3.1,3.09,6174,974,1933,1256,1496,0
2020-01-02 10:07:15,3.13,14.000,4382.000,3.14,3.15,3.16,3.17,3.18,7591,6227,2096,2565,3966,3.13,3.12,3.11,3.1,3.09,6160,974,1883,1256,1496,0
2020-01-02 10:07:39,3.13,33.000,10329.000,3.14,3.15,3.16,3.17,3.18,7589,6249,2096,2565,3964,3.13,3.12,3.11,3.1,3.09,6147,994,1886,1256,1496,0
2020-01-02 10:07:48,3.13,166.000,51958.000,3.14,3.15,3.16,3.17,3.18,7589,6249,2096,2565,3964,3.13,3.12,3.11,3.1,3.09,7189,1263,1886,1256,1496,0
2020-01-02 10:07:58,3.14,16.000,5021.000,3.14,3.15,3.16,3.17,3.18,7576,6249,2053,2565,3964,3.13,3.12,3.11,3.1,3.09,7657,1263,1886,1256,1496,1
2020-01-02 10:08:24,3.14,20.000,6280.000,3.14,3.15,3.16,3.17,3.18,7607,6297,1935,2565,3964,3.13,3.12,3.11,3.1,3.09,7711,1263,1886,1266,1496,1
2020-01-02 10:08:27,3.13,18.000,5634.000,3.14,3.15,3.16,3.17,3.18,7680,6297,1935,2565,3964,3.13,3.12,3.11,3.1,3.09,7693,1263,1886,1266,1496,0
2020-01-02 10:08:36,3.14,58.000,18183.000,3.14,3.15,3.16,3.17,3.18,7602,6197,1935,2565,3964,3.13,3.12,3.11,3.1,3.09,7764,1214,1886,1266,1496,1
2020-01-02 10:08:39,3.14,2.000,628.000,3.14,3.15,3.16,3.17,3.18,7620,6197,1935,2565,3964,3.13,3.12,3.11,3.1,3.09,7598,1214,1886,1266,1496,1
2020-01-02 10:08:51,3.14,32.000,10048.000,3.14,3.15,3.16,3.17,3.18,7618,6197,1935,2565,3964,3.13,3.12,3.11,3.1,3.09,6576,1214,1886,1266,1496,1
2020-01-02 10:08:57,3.14,24.000,7536.000,3.14,3.15,3.16,3.17,3.18,7723,6222,1935,2565,3964,3.13,3.12,3.11,3.1,3.09,6367,1214,1886,1266,1496,1
2020-01-02 10:09:03,3.13,3.000,939.000,3.14,3.15,3.16,3.17,3.18,7423,6722,1935,2565,4014,3.13,3.12,3.11,3.1,3.09,6281,1214,1886,1266,1496,0
2020-01-02 10:09:06,3.14,103.000,32342.000,3.14,3.15,3.16,3.17,3.18,7320,6722,1935,2665,4014,3.13,3.12,3.11,3.1,3.09,6281,1214,1886,1266,1496,1
2020-01-02 10:09:12,3.13,3.000,939.000,3.14,3.15,3.16,3.17,3.18,7350,6722,1935,2665,4014,3.13,3.12,3.11,3.1,3.09,6328,1214,1886,1266,1496,0
2020-01-02 10:09:24,3.14,16.000,5024.000,3.14,3.15,3.16,3.17,3.18,7664,6732,1935,2715,4030,3.13,3.12,3.11,3.1,3.09,6223,1214,1886,1266,1496,1
2020-01-02 10:09:48,3.13,10.000,3130.000,3.14,3.15,3.16,3.17,3.18,7664,6737,1935,2715,4030,3.13,3.12,3.11,3.1,3.09,6197,1214,1886,1269,1496,0
2020-01-02 10:10:01,3.13,19.000,5947.000,3.14,3.15,3.16,3.17,3.18,7961,6757,1935,2715,4142,3.13,3.12,3.11,3.1,3.09,6572,1214,1892,1269,1496,0
2020-01-02 10:10:03,3.13,10.000,3130.000,3.14,3.15,3.16,3.17,3.18,7961,6789,1935,2715,4142,3.13,3.12,3.11,3.1,3.09,6562,1214,1892,1269,1496,0
2020-01-02 10:10:06,3.14,2.000,628.000,3.14,3.15,3.16,3.17,3.18,7959,6789,1935,2715,4142,3.13,3.12,3.11,3.1,3.09,6817,1214,1892,1269,1496,1
2020-01-02 10:10:18,3.13,12.000,3756.000,3.14,3.15,3.16,3.17,3.18,7940,6789,1935,2715,4142,3.13,3.12,3.11,3.1,3.09,6962,1214,1892,1269,1496,0
2020-01-02 10:10:21,3.14,52.000,16328.000,3.14,3.15,3.16,3.17,3.18,7888,6789,1935,2715,4142,3.13,3.12,3.11,3.1,3.09,6862,1214,1892,1269,1496,1
2020-01-02 10:10:30,3.13,28.000,8764.000,3.14,3.15,3.16,3.17,3.18,7888,6799,1935,2715,4142,3.13,3.12,3.11,3.1,3.09,6748,1344,1886,1269,1496,0
2020-01-02 10:10:45,3.14,15.000,4710.000,3.14,3.15,3.16,3.17,3.18,7873,6799,1935,2715,4142,3.13,3.12,3.11,3.1,3.09,6876,1344,1886,1269,1496,1
2020-01-02 10:11:00,3.14,9.000,2826.000,3.14,3.15,3.16,3.17,3.18,7954,6799,1935,2715,4142,3.13,3.12,3.11,3.1,3.09,7182,1344,1892,1269,1496,1
2020-01-02 10:11:06,3.14,22.000,6908.000,3.14,3.15,3.16,3.17,3.18,7932,6799,1935,2715,4142,3.13,3.12,3.11,3.1,3.09,7144,1344,1892,1269,1496,1
2020-01-02 10:11:12,3.14,17.000,5338.000,3.14,3.15,3.16,3.17,3.18,8413,6825,1935,2715,4142,3.13,3.12,3.11,3.1,3.09,7144,1344,1872,1269,1496,1
2020-01-02 10:11:27,3.14,5.000,1570.000,3.14,3.15,3.16,3.17,3.18,8513,6825,1935,2715,4142,3.13,3.12,3.11,3.1,3.09,7147,1344,1920,1269,1496,1
2020-01-02 10:11:33,3.13,3.000,939.000,3.14,3.15,3.16,3.17,3.18,8520,6825,1935,2715,4172,3.13,3.12,3.11,3.1,3.09,6799,1344,1920,1269,1496,0
2020-01-02 10:11:36,3.14,23.000,7222.000,3.14,3.15,3.16,3.17,3.18,8517,6825,1935,2715,4172,3.13,3.12,3.11,3.1,3.09,6799,1344,1920,1269,1496,1
2020-01-02 10:11:39,3.14,2.000,628.000,3.14,3.15,3.16,3.17,3.18,8515,6825,1935,2715,4272,3.13,3.12,3.11,3.1,3.09,6799,1344,1920,1269,1496,1
2020-01-02 10:12:00,3.13,24.000,7516.000,3.14,3.15,3.16,3.17,3.18,9668,6886,1935,2715,4274,3.13,3.12,3.11,3.1,3.09,6218,1344,1920,1269,1496,0
2020-01-02 10:12:04,3.13,10.000,3130.000,3.14,3.15,3.16,3.17,3.18,9668,6886,1935,2715,4274,3.13,3.12,3.11,3.1,3.09,6208,1344,1920,1269,1496,0
2020-01-02 10:12:06,3.14,9.000,2826.000,3.14,3.15,3.16,3.17,3.18,9659,6886,1935,2715,4274,3.13,3.12,3.11,3.1,3.09,6208,1344,1920,1269,1496,1
2020-01-02 10:12:15,3.13,10.000,3130.000,3.14,3.15,3.16,3.17,3.18,9690,6886,1935,2715,4274,3.13,3.12,3.11,3.1,3.09,6185,1344,1920,1269,1496,0
2020-01-02 10:12:27,3.14,66.000,20724.000,3.14,3.15,3.16,3.17,3.18,9614,6886,1935,2715,4274,3.13,3.12,3.11,3.1,3.09,6171,1344,1920,1269,1496,1
2020-01-02 10:12:33,3.14,13.000,4082.000,3.14,3.15,3.16,3.17,3.18,9601,6886,1935,2705,4304,3.13,3.12,3.11,3.1,3.09,6098,1244,1920,1269,1496,1
2020-01-02 10:12:39,3.14,6.000,1884.000,3.14,3.15,3.16,3.17,3.18,9595,6886,1935,2705,4304,3.13,3.12,3.11,3.1,3.09,6098,1244,1920,1269,1496,1
2020-01-02 10:12:42,3.13,10.000,3130.000,3.14,3.15,3.16,3.17,3.18,9595,6886,1935,2705,4304,3.13,3.12,3.11,3.1,3.09,6088,1244,1920,1183,1496,0
2020-01-02 10:12:45,3.13,93.000,29176.000,3.14,3.15,3.16,3.17,3.18,9642,6896,1935,2705,4304,3.13,3.12,3.11,3.1,3.09,6050,1244,1920,1183,1496,0
2020-01-02 10:12:54,3.14,20.000,6280.000,3.14,3.15,3.16,3.17,3.18,9622,6896,1935,2705,4304,3.13,3.12,3.11,3.1,3.09,6682,1114,1920,1183,1496,1
2020-01-02 10:12:57,3.14,20.000,6280.000,3.14,3.15,3.16,3.17,3.18,9602,6896,1935,2705,4304,3.13,3.12,3.11,3.1,3.09,6713,1114,1920,1183,1496,1
2020-01-02 10:13:06,3.14,17.000,5338.000,3.14,3.15,3.16,3.17,3.18,9585,6873,1935,2705,4304,3.13,3.12,3.11,3.1,3.09,6721,1114,1920,1183,1496,1
2020-01-02 10:13:18,3.13,20.000,6260.000,3.14,3.15,3.16,3.17,3.18,9676,6941,1935,2705,4304,3.13,3.12,3.11,3.1,3.09,6701,1200,1920,1183,1496,0
2020-01-02 10:13:28,3.13,27.000,8451.000,3.14,3.15,3.16,3.17,3.18,9701,6971,1935,2705,4304,3.13,3.12,3.11,3.1,3.09,6704,1210,1920,1188,1496,0
2020-01-02 10:13:31,3.14,12.000,3768.000,3.14,3.15,3.16,3.17,3.18,9689,7001,1935,2705,4304,3.13,3.12,3.11,3.1,3.09,6704,1210,1920,1188,1496,1
2020-01-02 10:13:39,3.14,7.000,2198.000,3.14,3.15,3.16,3.17,3.18,9832,7001,1935,2705,4304,3.13,3.12,3.11,3.1,3.09,7124,1210,1920,1188,1496,1
2020-01-02 10:13:42,3.13,100.000,31300.000,3.14,3.15,3.16,3.17,3.18,9832,7001,1935,2705,4285,3.13,3.12,3.11,3.1,3.09,7024,1210,1920,1188,1496,0
2020-01-02 10:13:49,3.14,80.000,25120.000,3.14,3.15,3.16,3.17,3.18,9802,7001,1935,2705,4285,3.13,3.12,3.11,3.1,3.09,7114,1210,1920,1188,1496,1
2020-01-02 10:13:51,3.13,20.000,6260.000,3.14,3.15,3.16,3.17,3.18,9802,7001,1935,2705,4285,3.13,3.12,3.11,3.1,3.09,7097,1210,1920,1188,1496,0
2020-01-02 10:14:15,3.14,73.000,22922.000,3.14,3.15,3.16,3.17,3.18,9772,7110,1935,2705,4285,3.13,3.12,3.11,3.1,3.09,7634,1210,1920,1188,1496,1
2020-01-02 10:14:25,3.13,60.000,18780.000,3.14,3.15,3.16,3.17,3.18,9772,7110,1935,2705,4285,3.13,3.12,3.11,3.1,3.09,7524,1210,1920,1188,1496,0
2020-01-02 10:14:33,3.14,50.000,15700.000,3.14,3.15,3.16,3.17,3.18,9842,7110,1935,2705,4285,3.13,3.12,3.11,3.1,3.09,7524,1210,1920,1188,1496,1
2020-01-02 10:14:39,3.14,2.000,628.000,3.14,3.15,3.16,3.17,3.18,12486,7110,1935,2705,4285,3.13,3.12,3.11,3.1,3.09,7494,1210,1920,1188,1496,1
2020-01-02 10:14:48,3.13,3.000,939.000,3.14,3.15,3.16,3.17,3.18,12486,7110,1935,2705,4285,3.13,3.12,3.11,3.1,3.09,7491,1210,1920,1188,1496,0
2020-01-02 10:15:18,3.14,100.000,31400.000,3.14,3.15,3.16,3.17,3.18,12406,6598,1935,2705,4285,3.13,3.12,3.11,3.1,3.09,7502,1215,1920,1188,1496,1
2020-01-02 10:15:42,3.13,11.000,3443.000,3.14,3.15,3.16,3.17,3.18,12679,6549,1985,2705,4305,3.13,3.12,3.11,3.1,3.09,7368,1215,1920,1188,1496,0
2020-01-02 10:16:00,3.13,2.000,626.000,3.14,3.15,3.16,3.17,3.18,12683,6544,1985,2705,4305,3.13,3.12,3.11,3.1,3.09,7045,1215,1920,1188,1496,0
2020-01-02 10:16:09,3.14,30.000,9420.000,3.14,3.15,3.16,3.17,3.18,12650,6524,1985,2705,4305,3.13,3.12,3.11,3.1,3.09,7064,1215,1920,1188,1496,1
2020-01-02 10:16:12,3.13,165.000,51645.000,3.14,3.15,3.16,3.17,3.18,12650,6524,1985,2705,4305,3.13,3.12,3.11,3.1,3.09,6899,1215,1920,1188,1496,0
2020-01-02 10:16:15,3.13,20.000,6260.000,3.14,3.15,3.16,3.17,3.18,12650,6524,1985,2705,4305,3.13,3.12,3.11,3.1,3.09,6879,1215,1920,1188,1496,0
2020-01-02 10:16:18,3.14,5.000,1570.000,3.14,3.15,3.16,3.17,3.18,12645,6524,1935,2705,4305,3.13,3.12,3.11,3.1,3.09,6781,1215,1920,1188,1496,1
2020-01-02 10:16:27,3.13,5.000,1565.000,3.14,3.15,3.16,3.17,3.18,12650,6524,1935,2705,4305,3.13,3.12,3.11,3.1,3.09,6783,1241,1920,1188,1496,0
2020-01-02 10:16:33,3.14,2.000,628.000,3.14,3.15,3.16,3.17,3.18,12651,6424,1935,2705,4305,3.13,3.12,3.11,3.1,3.09,6780,1241,1920,1188,1496,1
2020-01-02 10:16:42,3.13,50.000,15650.000,3.14,3.15,3.16,3.17,3.18,12681,6424,1935,2705,4305,3.13,3.12,3.11,3.1,3.09,6687,1241,1920,1188,1496,0
2020-01-02 10:17:00,3.14,3.000,942.000,3.14,3.15,3.16,3.17,3.18,10132,6424,1935,2705,4305,3.13,3.12,3.11,3.1,3.09,7120,1244,1920,1188,1496,1
2020-01-02 10:17:04,3.14,20.000,6280.000,3.14,3.15,3.16,3.17,3.18,10112,6424,1935,2705,4305,3.13,3.12,3.11,3.1,3.09,7039,1244,1920,1188,1496,1
2020-01-02 10:17:12,3.13,2607.000,815994.000,3.14,3.15,3.16,3.17,3.18,10112,6418,1935,2755,4305,3.13,3.12,3.11,3.1,3.09,4431,1244,1920,1188,1496,0
2020-01-02 10:17:15,3.13,35.000,10955.000,3.14,3.15,3.16,3.17,3.18,10096,6404,1935,2755,4305,3.13,3.12,3.11,3.1,3.09,4411,1247,1920,1188,1496,0
2020-01-02 10:17:18,3.13,25.000,7832.000,3.14,3.15,3.16,3.17,3.18,10089,6404,1935,2755,4305,3.13,3.12,3.11,3.1,3.09,4393,1247,1920,1188,1496,0
2020-01-02 10:17:21,3.13,22.000,6886.000,3.14,3.15,3.16,3.17,3.18,10067,6404,1935,2755,4305,3.13,3.12,3.11,3.1,3.09,4371,1247,1920,1188,1496,0
2020-01-02 10:17:30,3.13,61.000,19093.000,3.14,3.15,3.16,3.17,3.18,10067,6404,1935,2755,4305,3.13,3.12,3.11,3.1,3.09,4250,1247,1920,1188,1496,0
2020-01-02 10:17:36,3.13,1.000,313.000,3.14,3.15,3.16,3.17,3.18,10067,6404,1935,2755,4305,3.13,3.12,3.11,3.1,3.09,4400,1247,1960,1188,1496,0
2020-01-02 10:17:39,3.14,502.000,157128.000,3.14,3.15,3.16,3.17,3.18,10076,6404,1935,2755,4305,3.13,3.12,3.11,3.1,3.09,4022,1247,1960,1188,1496,1
2020-01-02 10:17:42,3.13,70.000,21910.000,3.14,3.15,3.16,3.17,3.18,10076,6404,1935,2755,4305,3.13,3.12,3.11,3.1,3.09,3952,1247,1960,1188,1496,0
2020-01-02 10:17:45,3.13,10.000,3130.000,3.14,3.15,3.16,3.17,3.18,10076,6423,1935,2755,4305,3.13,3.12,3.11,3.1,3.09,3942,1278,2000,1188,1496,0
2020-01-02 10:17:51,3.13,5.000,1565.000,3.14,3.15,3.16,3.17,3.18,10076,6423,1935,2765,4305,3.13,3.12,3.11,3.1,3.09,3985,1278,2000,1188,1496,0
2020-01-02 10:17:54,3.13,1.000,313.000,3.14,3.15,3.16,3.17,3.18,10076,6423,1935,2765,4305,3.13,3.12,3.11,3.1,3.09,3984,1278,2000,1188,1496,0
2020-01-02 10:18:06,3.13,20.000,6260.000,3.14,3.15,3.16,3.17,3.18,10371,6423,1935,2775,4305,3.13,3.12,3.11,3.1,3.09,4102,1278,2000,1195,1496,0
2020-01-02 10:18:15,3.13,28.000,8764.000,3.14,3.15,3.16,3.17,3.18,10371,6423,1935,2775,4305,3.13,3.12,3.11,3.1,3.09,4074,1278,2000,1195,1536,0
2020-01-02 10:18:24,3.13,5.000,1565.000,3.14,3.15,3.16,3.17,3.18,10407,6563,1935,2775,4305,3.13,3.12,3.11,3.1,3.09,4149,1258,2000,1195,1496,0
2020-01-02 10:18:30,3.13,200.000,62600.000,3.14,3.15,3.16,3.17,3.18,10453,6563,1935,2775,3762,3.13,3.12,3.11,3.1,3.09,3947,1258,2000,1195,1496,0
2020-01-02 10:18:33,3.13,5.000,1565.000,3.14,3.15,3.16,3.17,3.18,10453,6563,1935,2775,3762,3.13,3.12,3.11,3.1,3.09,3942,1258,2000,1195,1496,0
2020-01-02 10:18:48,3.13,543.000,169959.000,3.14,3.15,3.16,3.17,3.18,10473,6588,1935,2775,3762,3.13,3.12,3.11,3.1,3.09,4921,1318,1994,1195,1557,0
2020-01-02 10:18:54,3.13,32.000,10016.000,3.14,3.15,3.16,3.17,3.18,10461,6588,1935,2775,3762,3.13,3.12,3.11,3.1,3.09,5070,1098,1994,1195,1557,0
2020-01-02 10:19:06,3.13,162.000,50706.000,3.14,3.15,3.16,3.17,3.18,10463,6588,1935,2775,3762,3.13,3.12,3.11,3.1,3.09,4908,1098,1994,1195,1557,0
2020-01-02 10:19:12,3.13,33.000,10329.000,3.14,3.15,3.16,3.17,3.18,10453,6588,1935,2782,3762,3.13,3.12,3.11,3.1,3.09,4875,1118,1994,1195,1557,0
2020-01-02 10:19:24,3.13,10.000,3130.000,3.14,3.15,3.16,3.17,3.18,10453,6588,1935,2782,3762,3.13,3.12,3.11,3.1,3.09,4905,1118,1954,1195,1557,0
2020-01-02 10:19:27,3.13,20.000,6260.000,3.14,3.15,3.16,3.17,3.18,10453,6588,1935,2782,3762,3.13,3.12,3.11,3.1,3.09,4885,1118,1954,1195,1557,0
2020-01-02 10:19:33,3.13,5.000,1565.000,3.14,3.15,3.16,3.17,3.18,10426,6588,1935,2782,3762,3.13,3.12,3.11,3.1,3.09,3837,1133,1954,1195,1557,0
2020-01-02 10:19:36,3.13,235.000,73555.000,3.14,3.15,3.16,3.17,3.18,10426,6588,1935,2782,3762,3.13,3.12,3.11,3.1,3.09,3212,1133,1954,1195,1557,0
2020-01-02 10:19:39,3.13,372.000,116436.000,3.14,3.15,3.16,3.17,3.18,10426,6588,1935,2782,3762,3.13,3.12,3.11,3.1,3.09,2353,1133,1954,1195,1557,0
2020-01-02 10:19:42,3.13,179.000,56027.000,3.14,3.15,3.16,3.17,3.18,10446,6588,1935,2782,3762,3.13,3.12,3.11,3.1,3.09,2140,1141,1954,1195,1557,0
2020-01-02 10:19:45,3.13,813.000,254469.000,3.14,3.15,3.16,3.17,3.18,10446,6628,1935,2782,3762,3.13,3.12,3.11,3.1,3.09,1290,1141,1954,1195,1557,0
2020-01-02 10:19:48,3.13,619.000,193747.000,3.14,3.15,3.16,3.17,3.18,10446,6628,1935,2782,3762,3.13,3.12,3.11,3.1,3.09,671,1141,1954,1195,1557,0
2020-01-02 10:19:51,3.13,457.000,143041.000,3.14,3.15,3.16,3.17,3.18,10446,6628,1935,2782,3762,3.13,3.12,3.11,3.1,3.09,214,1141,1954,1164,1557,0
2020-01-02 10:19:54,3.13,125.000,39125.000,3.14,3.15,3.16,3.17,3.18,10421,6628,1935,2782,3762,3.13,3.12,3.11,3.1,3.09,89,1141,1954,1164,1557,0
2020-01-02 10:19:58,3.14,228.000,71464.000,3.13,3.14,3.15,3.16,3.17,60,10273,6628,1935,2782,3.12,3.11,3.1,3.09,3.08,1141,1954,1164,1557,727,1
2020-01-02 10:20:00,3.12,24.000,7488.000,3.13,3.14,3.15,3.16,3.17,789,10244,6628,1935,2782,3.12,3.11,3.1,3.09,3.08,1117,1954,1164,1557,727,0
2020-01-02 10:20:03,3.12,64.000,19968.000,3.13,3.14,3.15,3.16,3.17,809,10244,6628,1935,2782,3.12,3.11,3.1,3.09,3.08,1053,1954,1164,1557,727,0
2020-01-02 10:20:21,3.13,1.000,313.000,3.13,3.14,3.15,3.16,3.17,1122,10080,6628,1935,2782,3.12,3.11,3.1,3.09,3.08,3146,1959,1184,1557,727,1
2020-01-02 10:20:39,3.13,1143.000,357759.000,3.13,3.14,3.15,3.16,3.17,101,10103,6630,1935,2672,3.12,3.11,3.1,3.09,3.08,3146,1959,1186,1557,727,1
2020-01-02 10:20:46,3.13,68.000,21284.000,3.13,3.14,3.15,3.16,3.17,33,10103,6630,1935,2672,3.12,3.11,3.1,3.09,3.08,3147,1975,1186,1557,760,1
2020-01-02 10:20:49,3.13,33.000,10332.000,3.14,3.15,3.16,3.17,3.18,10113,6630,1935,2672,3781,3.13,3.12,3.11,3.1,3.09,484,3147,1975,1186,1557,1
2020-01-02 10:20:51,3.13,15.000,4695.000,3.14,3.15,3.16,3.17,3.18,9783,6633,1935,2672,3781,3.13,3.12,3.11,3.1,3.09,897,3147,1975,1186,1557,0
2020-01-02 10:21:03,3.13,330.000,103290.000,3.14,3.15,3.16,3.17,3.18,9732,6627,1935,2672,3781,3.13,3.12,3.11,3.1,3.09,617,3147,1959,1186,1557,0
2020-01-02 10:21:09,3.13,7.000,2191.000,3.14,3.15,3.16,3.17,3.18,9732,6627,1935,2672,3731,3.13,3.12,3.11,3.1,3.09,665,3183,2698,1186,1596,0
2020-01-02 10:21:15,3.13,1.000,313.000,3.14,3.15,3.16,3.17,3.18,9732,6627,1935,2672,3731,3.13,3.12,3.11,3.1,3.09,664,3199,2698,1186,1596,0
2020-01-02 10:21:33,3.13,30.000,9390.000,3.14,3.15,3.16,3.17,3.18,9752,6527,1955,2672,3767,3.13,3.12,3.11,3.1,3.09,722,3199,2698,1186,1596,0
2020-01-02 10:21:39,3.13,50.000,15650.000,3.14,3.15,3.16,3.17,3.18,9747,6527,1955,2672,3767,3.13,3.12,3.11,3.1,3.09,829,3205,2698,1206,1596,0
2020-01-02 10:21:42,3.13,45.000,14085.000,3.14,3.15,3.16,3.17,3.18,9737,6527,1955,2672,3767,3.13,3.12,3.11,3.1,3.09,784,3205,2698,1208,1596,0
2020-01-02 10:21:45,3.13,8.000,2504.000,3.14,3.15,3.16,3.17,3.18,9537,6527,1955,2672,3767,3.13,3.12,3.11,3.1,3.09,776,3205,2698,1208,1596,0
2020-01-02 10:21:48,3.13,100.000,31300.000,3.14,3.15,3.16,3.17,3.18,9537,6527,1955,2672,3767,3.13,3.12,3.11,3.1,3.09,676,3205,2698,1208,1596,0
2020-01-02 10:21:51,3.13,53.000,16589.000,3.14,3.15,3.16,3.17,3.18,9537,6527,1955,2672,3767,3.13,3.12,3.11,3.1,3.09,623,3205,2698,1208,1596,0
2020-01-02 10:21:54,3.14,31.000,9734.000,3.14,3.15,3.16,3.17,3.18,9506,6527,1955,2672,3767,3.13,3.12,3.11,3.1,3.09,623,3205,2698,1208,1596,1
2020-01-02 10:22:01,3.13,1.000,313.000,3.14,3.15,3.16,3.17,3.18,9415,6527,1955,2672,3767,3.13,3.12,3.11,3.1,3.09,724,3205,2698,1208,1596,0
2020-01-02 10:22:04,3.14,50.000,15700.000,3.14,3.15,3.16,3.17,3.18,9365,6527,1955,2672,3767,3.13,3.12,3.11,3.1,3.09,724,3205,2698,1208,1596,1
2020-01-02 10:22:06,3.13,248.000,77672.000,3.14,3.15,3.16,3.17,3.18,9317,6527,1955,2672,3767,3.13,3.12,3.11,3.1,3.09,524,3205,2698,1208,1596,0
2020-01-02 10:22:12,3.13,73.000,22862.000,3.14,3.15,3.16,3.17,3.18,9319,6527,1955,2672,3779,3.13,3.12,3.11,3.1,3.09,694,3193,2698,1318,1596,0
2020-01-02 10:22:27,3.13,36.000,11272.000,3.14,3.15,3.16,3.17,3.18,9290,6508,1955,2672,3779,3.13,3.12,3.11,3.1,3.09,682,3193,2698,1318,1596,0
2020-01-02 10:22:31,3.13,107.000,33491.000,3.14,3.15,3.16,3.17,3.18,9290,6508,1955,2672,3779,3.13,3.12,3.11,3.1,3.09,575,3207,2698,1318,1596,0
2020-01-02 10:22:34,3.13,16.000,5008.000,3.14,3.15,3.16,3.17,3.18,9290,6508,1955,2672,3779,3.13,3.12,3.11,3.1,3.09,559,3207,2698,1318,1596,0
2020-01-02 10:22:36,3.13,29.000,9077.000,3.14,3.15,3.16,3.17,3.18,9290,6508,1928,2672,3779,3.13,3.12,3.11,3.1,3.09,530,3207,2698,1318,1596,0
2020-01-02 10:22:42,3.13,20.000,6260.000,3.14,3.15,3.16,3.17,3.18,9298,6468,1928,2672,3779,3.13,3.12,3.11,3.1,3.09,510,3207,2698,1318,1596,0
2020-01-02 10:22:54,3.13,100.000,31300.000,3.14,3.15,3.16,3.17,3.18,9333,6495,1928,2672,3779,3.13,3.12,3.11,3.1,3.09,410,3207,2698,1318,1596,0
2020-01-02 10:22:57,3.13,5.000,1565.000,3.14,3.15,3.16,3.17,3.18,9333,6495,1948,2672,3779,3.13,3.12,3.11,3.1,3.09,405,3207,2698,1318,1596,0
2020-01-02 10:23:00,3.13,25.000,7825.000,3.14,3.15,3.16,3.17,3.18,9333,6495,1948,2672,3779,3.13,3.12,3.11,3.1,3.09,380,3204,2698,1318,1596,0
2020-01-02 10:23:03,3.13,50.000,15650.000,3.14,3.15,3.16,3.17,3.18,9345,6495,1948,2672,3779,3.13,3.12,3.11,3.1,3.09,330,3204,2698,1318,1596,0
2020-01-02 10:23:24,3.13,72.000,22536.000,3.14,3.15,3.16,3.17,3.18,9348,6495,1948,2672,3789,3.13,3.12,3.11,3.1,3.09,1298,3317,2698,1328,1596,0
2020-01-02 10:23:39,3.14,2.000,628.000,3.14,3.15,3.16,3.17,3.18,9380,6495,1948,2672,3789,3.13,3.12,3.11,3.1,3.09,1319,3317,2698,1328,1596,1
2020-01-02 10:24:03,3.14,236.000,74104.000,3.14,3.15,3.16,3.17,3.18,9174,6535,1968,2672,3789,3.13,3.12,3.11,3.1,3.09,1319,3317,2698,1328,1596,1
2020-01-02 10:24:09,3.14,30.000,9420.000,3.14,3.15,3.16,3.17,3.18,9144,6535,1968,2672,3789,3.13,3.12,3.11,3.1,3.09,1606,3329,2698,1493,1596,1
2020-01-02 10:24:18,3.14,139.000,43646.000,3.14,3.15,3.16,3.17,3.18,9005,6561,1968,2672,3789,3.13,3.12,3.11,3.1,3.09,1606,3329,2698,1493,1596,1
2020-01-02 10:24:30,3.13,20.000,6260.000,3.14,3.15,3.16,3.17,3.18,8996,6561,1968,2672,4000,3.13,3.12,3.11,3.1,3.09,1586,3329,2698,1493,1596,0
2020-01-02 10:25:15,3.14,100.000,31400.000,3.14,3.15,3.16,3.17,3.18,9255,6591,1971,2672,4000,3.13,3.12,3.11,3.1,3.09,1611,3329,2658,1493,1596,1
2020-01-02 10:25:18,3.14,4.000,1256.000,3.14,3.15,3.16,3.17,3.18,9196,6591,1971,2672,4000,3.13,3.12,3.11,3.1,3.09,2111,3329,2658,1493,1596,1
2020-01-02 10:25:39,3.13,27.000,8451.000,3.14,3.15,3.16,3.17,3.18,9254,6591,2072,2672,4000,3.13,3.12,3.11,3.1,3.09,2117,3299,2676,1513,1696,0
2020-01-02 10:25:52,3.13,4.000,1252.000,3.14,3.15,3.16,3.17,3.18,9254,6591,2072,2672,4000,3.13,3.12,3.11,3.1,3.09,2113,3363,2676,1501,1696,0
2020-01-02 10:26:21,3.13,30.000,9390.000,3.14,3.15,3.16,3.17,3.18,9220,6742,2072,2672,4000,3.13,3.12,3.11,3.1,3.09,2771,3363,2580,1511,1696,0
2020-01-02 10:26:24,3.14,1.000,314.000,3.14,3.15,3.16,3.17,3.18,9234,6742,2072,2672,4000,3.13,3.12,3.11,3.1,3.09,2791,3363,2580,1511,1664,1
2020-01-02 10:26:27,3.14,2.000,628.000,3.14,3.15,3.16,3.17,3.18,9232,6742,2072,2672,4000,3.13,3.12,3.11,3.1,3.09,2791,3363,2580,1511,1664,1
2020-01-02 10:26:39,3.14,2.000,628.000,3.14,3.15,3.16,3.17,3.18,9084,6742,2072,2672,4067,3.13,3.12,3.11,3.1,3.09,2961,3337,2580,1511,1664,1
2020-01-02 10:26:54,3.14,36.000,11269.000,3.14,3.15,3.16,3.17,3.18,9246,6755,2072,2672,4067,3.13,3.12,3.11,3.1,3.09,3048,3337,2580,1511,1664,1
2020-01-02 10:27:04,3.14,40.000,12560.000,3.14,3.15,3.16,3.17,3.18,9206,6738,2072,2385,4067,3.13,3.12,3.11,3.1,3.09,3114,3337,2580,1511,1664,1
2020-01-02 10:27:13,3.14,3.000,942.000,3.14,3.15,3.16,3.17,3.18,9228,6758,2074,2385,4067,3.13,3.12,3.11,3.1,3.09,3174,3337,2580,1511,1664,1
2020-01-02 10:27:15,3.13,100.000,31300.000,3.14,3.15,3.16,3.17,3.18,9228,6758,2074,2385,4067,3.13,3.12,3.11,3.1,3.09,3074,3337,2580,1511,1664,0
2020-01-02 10:27:21,3.14,1.000,314.000,3.14,3.15,3.16,3.17,3.18,9227,6758,2074,2385,4067,3.13,3.12,3.11,3.1,3.09,3074,3337,2580,1511,1664,1
2020-01-02 10:28:00,3.13,20.000,6260.000,3.14,3.15,3.16,3.17,3.18,9162,6758,2074,2385,4067,3.13,3.12,3.11,3.1,3.09,3192,3321,2580,1511,1664,0
2020-01-02 10:28:21,3.14,3.000,941.000,3.14,3.15,3.16,3.17,3.18,9160,6758,2074,2385,4067,3.13,3.12,3.11,3.1,3.09,3255,3291,2580,1511,1634,1
2020-01-02 10:28:30,3.14,100.000,31350.000,3.14,3.15,3.16,3.17,3.18,9080,6936,2074,2385,4067,3.13,3.12,3.11,3.1,3.09,3205,3311,2580,1511,1634,1
2020-01-02 10:28:34,3.14,323.000,101260.000,3.14,3.15,3.16,3.17,3.18,8919,6936,2074,2385,4067,3.13,3.12,3.11,3.1,3.09,3109,3311,2580,1511,1634,1
2020-01-02 10:28:36,3.13,100.000,31300.000,3.14,3.15,3.16,3.17,3.18,8919,6936,2074,2385,4067,3.13,3.12,3.11,3.1,3.09,3009,3311,2580,1511,1634,0
2020-01-02 10:28:39,3.13,31.000,9703.000,3.14,3.15,3.16,3.17,3.18,8919,6936,2074,2385,4067,3.13,3.12,3.11,3.1,3.09,2998,3311,2580,1511,1634,0
2020-01-02 10:28:48,3.13,2.000,626.000,3.14,3.15,3.16,3.17,3.18,8919,6936,2074,2385,4067,3.13,3.12,3.11,3.1,3.09,3064,3311,2580,1511,1634,0
2020-01-02 10:29:06,3.13,80.000,25040.000,3.14,3.15,3.16,3.17,3.18,8958,6909,2074,2385,4067,3.13,3.12,3.11,3.1,3.09,2524,3311,2580,1511,1634,0
2020-01-02 10:29:12,3.13,10.000,3130.000,3.14,3.15,3.16,3.17,3.18,8985,6909,2074,2385,4067,3.13,3.12,3.11,3.1,3.09,2514,3296,2580,1511,1634,0
2020-01-02 10:29:15,3.13,462.000,144606.000,3.14,3.15,3.16,3.17,3.18,8985,6909,2074,2385,4067,3.13,3.12,3.11,3.1,3.09,2052,3296,2580,1511,1634,0
2020-01-02 10:29:21,3.14,1000.000,314000.000,3.14,3.15,3.16,3.17,3.18,7985,6909,2074,2385,4067,3.13,3.12,3.11,3.1,3.09,2081,3296,2580,1511,1634,1
2020-01-02 10:29:27,3.14,2.000,628.000,3.14,3.15,3.16,3.17,3.18,7979,6909,2074,2385,4067,3.13,3.12,3.11,3.1,3.09,2096,3296,2580,1511,1634,1
2020-01-02 10:29:36,3.14,100.000,31400.000,3.14,3.15,3.16,3.17,3.18,7902,6909,2074,2385,4067,3.13,3.12,3.11,3.1,3.09,2096,3296,2580,1511,1634,1
2020-01-02 10:29:39,3.14,2.000,628.000,3.14,3.15,3.16,3.17,3.18,7900,6909,2074,2385,4067,3.13,3.12,3.11,3.1,3.09,2096,3296,2580,1511,1634,1
2020-01-02 10:29:51,3.14,30.000,9420.000,3.14,3.15,3.16,3.17,3.18,7704,7045,2074,2385,4067,3.13,3.12,3.11,3.1,3.09,2153,3312,2580,1511,1634,1
2020-01-02 10:29:54,3.14,6.000,1884.000,3.14,3.15,3.16,3.17,3.18,7698,7045,2074,2385,4067,3.13,3.12,3.11,3.1,3.09,2253,3312,2580,1511,1634,1
2020-01-02 10:29:57,3.13,1.000,313.000,3.14,3.15,3.16,3.17,3.18,7771,7045,2074,2385,4067,3.13,3.12,3.11,3.1,3.09,2252,3312,2580,1511,1634,0
2020-01-02 10:30:06,3.13,1.000,313.000,3.14,3.15,3.16,3.17,3.18,7781,7045,2074,2467,4067,3.13,3.12,3.11,3.1,3.09,2263,3312,2590,1511,1634,0
2020-01-02 10:30:18,3.14,30.000,9420.000,3.14,3.15,3.16,3.17,3.18,7751,7045,2063,2467,4067,3.13,3.12,3.11,3.1,3.09,2344,3312,2590,1508,1634,1
2020-01-02 10:30:25,3.14,12.000,3768.000,3.14,3.15,3.16,3.17,3.18,7739,7045,2063,2467,4067,3.13,3.12,3.11,3.1,3.09,2344,3312,2590,1508,1634,1
2020-01-02 10:30:42,3.13,46.000,14398.000,3.14,3.15,3.16,3.17,3.18,7758,7045,2063,2487,4067,3.13,3.12,3.11,3.1,3.09,2298,3312,2590,1508,1634,0
2020-01-02 10:30:45,3.14,30.000,9420.000,3.14,3.15,3.16,3.17,3.18,7728,7045,2063,2487,4067,3.13,3.12,3.11,3.1,3.09,2298,3312,2590,1508,1634,1
2020-01-02 10:30:57,3.13,3.000,939.000,3.14,3.15,3.16,3.17,3.18,7728,7045,2063,2487,4067,3.13,3.12,3.11,3.1,3.09,2295,3312,2590,1508,1634,0
2020-01-02 10:31:00,3.14,50.000,15700.000,3.14,3.15,3.16,3.17,3.18,7678,7045,2063,2487,4067,3.13,3.12,3.11,3.1,3.09,2395,3312,2590,1508,1634,1
2020-01-02 10:31:03,3.13,14.000,4382.000,3.14,3.15,3.16,3.17,3.18,7678,7045,2063,2487,4067,3.13,3.12,3.11,3.1,3.09,2381,3312,2590,1508,1634,0
2020-01-02 10:31:09,3.13,20.000,6260.000,3.14,3.15,3.16,3.17,3.18,7678,7045,2063,2487,4067,3.13,3.12,3.11,3.1,3.09,2449,3315,2590,1508,1634,0
2020-01-02 10:31:12,3.14,2.000,628.000,3.14,3.15,3.16,3.17,3.18,7686,7045,2063,2487,4067,3.13,3.12,3.11,3.1,3.09,2449,3315,2590,1508,1634,1
2020-01-02 10:31:30,3.13,1.000,313.000,3.14,3.15,3.16,3.17,3.18,7691,7065,2063,2487,4067,3.13,3.12,3.11,3.1,3.09,2448,3315,2590,1508,1634,0
2020-01-02 10:31:36,3.14,10.000,3140.000,3.14,3.15,3.16,3.17,3.18,7681,7065,2063,2487,4067,3.13,3.12,3.11,3.1,3.09,2449,3315,2590,1508,1634,1
2020-01-02 10:31:42,3.14,5.000,1570.000,3.14,3.15,3.16,3.17,3.18,7676,7065,2053,2487,4067,3.13,3.12,3.11,3.1,3.09,2449,3315,2790,1508,1634,1
2020-01-02 10:31:57,3.13,7.000,2191.000,3.14,3.15,3.16,3.17,3.18,7676,7065,2053,2487,4067,3.13,3.12,3.11,3.1,3.09,2550,3315,2790,1508,1634,0
2020-01-02 10:32:45,3.13,20.000,6260.000,3.14,3.15,3.16,3.17,3.18,7749,7075,2053,2487,4067,3.13,3.12,3.11,3.1,3.09,2716,3335,2790,1508,1634,0
2020-01-02 10:32:51,3.14,29.000,9106.000,3.14,3.15,3.16,3.17,3.18,7720,7080,2053,2487,4067,3.13,3.12,3.11,3.1,3.09,2716,3335,2790,1508,1634,1
2020-01-02 10:33:00,3.13,6.000,1878.000,3.14,3.15,3.16,3.17,3.18,7720,7080,2053,2487,4067,3.13,3.12,3.11,3.1,3.09,2710,3335,2790,1508,1634,0
2020-01-02 10:33:09,3.13,35.000,10975.000,3.14,3.15,3.16,3.17,3.18,7735,7080,2053,2487,4067,3.13,3.12,3.11,3.1,3.09,2704,3335,2790,1508,1634,0
2020-01-02 10:34:21,3.13,1.000,313.000,3.14,3.15,3.16,3.17,3.18,7636,7125,2053,2487,4067,3.13,3.12,3.11,3.1,3.09,3375,3284,2790,1508,1634,0
2020-01-02 10:34:24,3.13,278.000,87014.000,3.14,3.15,3.16,3.17,3.18,7636,7125,2053,2487,4067,3.13,3.12,3.11,3.1,3.09,3097,3284,2790,1548,1634,0
2020-01-02 10:34:28,3.14,5.000,1570.000,3.14,3.15,3.16,3.17,3.18,7631,7125,2053,2487,4067,3.13,3.12,3.11,3.1,3.09,3097,3284,2790,1528,1634,1
2020-01-02 10:35:45,3.14,50.000,15700.000,3.14,3.15,3.16,3.17,3.18,7614,7297,2053,2765,4067,3.13,3.12,3.11,3.1,3.09,3762,1433,2790,1518,1634,1
2020-01-02 10:35:48,3.14,22.000,6908.000,3.14,3.15,3.16,3.17,3.18,7592,7297,2053,2765,4067,3.13,3.12,3.11,3.1,3.09,3808,1433,2790,1518,1634,1
2020-01-02 10:35:57,3.14,34.000,10676.000,3.14,3.15,3.16,3.17,3.18,7562,7297,2053,2765,4067,3.13,3.12,3.11,3.1,3.09,3808,1433,2790,1518,1634,1
2020-01-02 10:36:03,3.14,21.000,6594.000,3.14,3.15,3.16,3.17,3.18,7541,7412,2053,2765,4067,3.13,3.12,3.11,3.1,3.09,3728,1433,2790,1518,1634,1
2020-01-02 10:36:06,3.14,100.000,31400.000,3.14,3.15,3.16,3.17,3.18,7441,7412,2053,2765,4067,3.13,3.12,3.11,3.1,3.09,3728,1433,2790,1518,1634,1
2020-01-02 10:36:27,3.14,82.000,25712.000,3.14,3.15,3.16,3.17,3.18,7395,7412,2053,2765,4067,3.13,3.12,3.11,3.1,3.09,3707,1433,2790,1538,1634,1
2020-01-02 10:36:33,3.14,16.000,5024.000,3.14,3.15,3.16,3.17,3.18,7329,7412,2053,2765,4067,3.13,3.12,3.11,3.1,3.09,3707,1433,2790,1538,1634,1
2020-01-02 10:36:39,3.13,5.000,1565.000,3.14,3.15,3.16,3.17,3.18,7329,7412,2053,2765,4067,3.13,3.12,3.11,3.1,3.09,3702,1433,2790,1538,1634,0
2020-01-02 10:36:52,3.13,40.000,12520.000,3.14,3.15,3.16,3.17,3.18,7329,7412,2053,2765,4067,3.13,3.12,3.11,3.1,3.09,4277,1433,2790,1517,1634,0
2020-01-02 10:37:51,3.13,10.000,3130.000,3.14,3.15,3.16,3.17,3.18,7479,7362,2003,2765,4067,3.13,3.12,3.11,3.1,3.09,4821,1429,2790,1517,1634,0
2020-01-02 10:37:54,3.13,20.000,6260.000,3.14,3.15,3.16,3.17,3.18,7479,7362,2003,2765,4067,3.13,3.12,3.11,3.1,3.09,4901,1429,2790,1517,1634,0
2020-01-02 10:37:58,3.13,1.000,313.000,3.14,3.15,3.16,3.17,3.18,7479,7362,2003,2765,4067,3.13,3.12,3.11,3.1,3.09,4900,1429,2790,1517,1634,0
2020-01-02 10:38:10,3.14,9.000,2826.000,3.14,3.15,3.16,3.17,3.18,7470,7362,2003,2765,4067,3.13,3.12,3.11,3.1,3.09,5898,1429,2790,1512,1634,1
2020-01-02 10:38:30,3.13,300.000,93900.000,3.14,3.15,3.16,3.17,3.18,7500,7362,2003,2765,4067,3.13,3.12,3.11,3.1,3.09,5613,1432,2790,1512,1634,0
2020-01-02 10:38:57,3.13,2.000,626.000,3.14,3.15,3.16,3.17,3.18,7507,7372,2027,2765,4067,3.13,3.12,3.11,3.1,3.09,5257,1427,2790,1512,1634,0
2020-01-02 10:39:13,3.14,5.000,1570.000,3.14,3.15,3.16,3.17,3.18,7542,7402,2027,2765,4094,3.13,3.12,3.11,3.1,3.09,5349,1427,2790,1512,1634,1
2020-01-02 10:39:27,3.13,1.000,313.000,3.14,3.15,3.16,3.17,3.18,7546,7402,2027,2766,4094,3.13,3.12,3.11,3.1,3.09,5440,1427,2790,1512,1634,0
2020-01-02 10:39:40,3.13,209.000,65609.000,3.14,3.15,3.16,3.17,3.18,7349,7412,2027,2766,4094,3.13,3.12,3.11,3.1,3.09,5482,1447,2790,1512,1634,0
2020-01-02 10:39:54,3.13,3.000,939.000,3.14,3.15,3.16,3.17,3.18,7409,7417,2027,2766,4094,3.13,3.12,3.11,3.1,3.09,5498,1447,2790,1512,1634,0
2020-01-02 10:40:00,3.13,1.000,313.000,3.14,3.15,3.16,3.17,3.18,7408,7417,2027,2766,4094,3.13,3.12,3.11,3.1,3.09,5497,1447,2790,1512,1634,0
2020-01-02 10:40:27,3.14,213.000,66882.000,3.14,3.15,3.16,3.17,3.18,6038,7548,2001,2766,4094,3.13,3.12,3.11,3.1,3.09,6100,1803,2790,1512,1634,1
2020-01-02 10:40:30,3.13,1.000,313.000,3.14,3.15,3.16,3.17,3.18,6037,7548,2001,2766,4094,3.13,3.12,3.11,3.1,3.09,6099,1803,2790,1512,1634,0
2020-01-02 10:40:36,3.13,1.000,313.000,3.14,3.15,3.16,3.17,3.18,6036,7548,2001,2766,4094,3.13,3.12,3.11,3.1,3.09,6298,1803,2790,1559,1634,0
2020-01-02 10:40:42,3.13,1157.000,362141.000,3.14,3.15,3.16,3.17,3.18,6062,7548,2001,2766,4094,3.13,3.12,3.11,3.1,3.09,5151,1803,2790,1559,1634,0
2020-01-02 10:40:48,3.13,8.000,2504.000,3.14,3.15,3.16,3.17,3.18,6056,7578,2001,2766,4094,3.13,3.12,3.11,3.1,3.09,5143,1803,2790,1559,1634,0
2020-01-02 10:40:54,3.13,1.000,313.000,3.14,3.15,3.16,3.17,3.18,5999,7578,2001,2766,4094,3.13,3.12,3.11,3.1,3.09,5142,1803,2790,1559,1634,0
2020-01-02 10:41:00,3.13,1.000,313.000,3.14,3.15,3.16,3.17,3.18,5999,7578,2001,2766,4094,3.13,3.12,3.11,3.1,3.09,5141,1803,2790,1559,1634,0
2020-01-02 10:41:21,3.14,100.000,31400.000,3.14,3.15,3.16,3.17,3.18,5899,7608,2031,2766,4094,3.13,3.12,3.11,3.1,3.09,5187,1813,2790,1559,1634,1
2020-01-02 10:41:27,3.14,94.000,29516.000,3.14,3.15,3.16,3.17,3.18,5785,7608,2031,2766,4251,3.13,3.12,3.11,3.1,3.09,5189,1801,2750,1559,1634,1
2020-01-02 10:41:30,3.14,1.000,314.000,3.14,3.15,3.16,3.17,3.18,5784,7608,2031,2766,4251,3.13,3.12,3.11,3.1,3.09,5189,1801,2750,1559,1634,1
2020-01-02 10:41:33,3.14,30.000,9420.000,3.14,3.15,3.16,3.17,3.18,5754,7608,2031,2766,4251,3.13,3.12,3.11,3.1,3.09,5189,1801,2750,1559,1634,1
2020-01-02 10:41:42,3.14,10.000,3140.000,3.14,3.15,3.16,3.17,3.18,5794,7551,2031,2766,4251,3.13,3.12,3.11,3.1,3.09,5929,1801,2750,1559,1634,1
2020-01-02 10:41:48,3.14,15.000,4710.000,3.14,3.15,3.16,3.17,3.18,5779,7551,2031,2766,4251,3.13,3.12,3.11,3.1,3.09,5808,1801,2720,1559,1634,1
2020-01-02 10:41:51,3.14,24.000,7536.000,3.14,3.15,3.16,3.17,3.18,5755,7551,2031,2766,4251,3.13,3.12,3.11,3.1,3.09,5690,1801,2720,1559,1634,1
2020-01-02 10:41:57,3.14,3.000,942.000,3.14,3.15,3.16,3.17,3.18,5843,7551,2031,2766,4251,3.13,3.12,3.11,3.1,3.09,5699,1801,2720,1559,1634,1
2020-01-02 10:42:00,3.14,11.000,3454.000,3.14,3.15,3.16,3.17,3.18,5832,7551,2031,2766,4251,3.13,3.12,3.11,3.1,3.09,5708,1801,2720,1559,1634,1
2020-01-02 10:42:03,3.14,45.000,14130.000,3.14,3.15,3.16,3.17,3.18,5787,7551,2031,2766,4251,3.13,3.12,3.11,3.1,3.09,5708,1781,2720,1559,1634,1
2020-01-02 10:42:09,3.14,9.000,2826.000,3.14,3.15,3.16,3.17,3.18,5778,7551,2031,2766,4251,3.13,3.12,3.11,3.1,3.09,5712,1695,2720,1559,1634,1
2020-01-02 10:42:12,3.14,132.000,41448.000,3.14,3.15,3.16,3.17,3.18,5646,7551,2031,2766,4251,3.13,3.12,3.11,3.1,3.09,5712,1695,2720,1559,1634,1
2020-01-02 10:42:21,3.14,10.000,3140.000,3.14,3.15,3.16,3.17,3.18,5626,7551,2031,2766,4251,3.13,3.12,3.11,3.1,3.09,5712,1695,2720,1559,1634,1
2020-01-02 10:42:36,3.14,50.000,15700.000,3.14,3.15,3.16,3.17,3.18,5578,7554,2031,2766,4251,3.13,3.12,3.11,3.1,3.09,5734,1695,2720,1559,1684,1
2020-01-02 10:42:51,3.13,3.000,939.000,3.14,3.15,3.16,3.17,3.18,5621,7554,2034,2766,4251,3.13,3.12,3.11,3.1,3.09,5675,1702,2720,1559,1684,0
2020-01-02 10:42:54,3.14,2010.000,631130.000,3.14,3.15,3.16,3.17,3.18,3651,7554,2034,2766,4251,3.13,3.12,3.11,3.1,3.09,5665,1702,2720,1559,1684,1
2020-01-02 10:42:57,3.14,120.000,37680.000,3.14,3.15,3.16,3.17,3.18,3531,7554,2034,2766,4251,3.13,3.12,3.11,3.1,3.09,5699,1702,2720,1559,1684,1
2020-01-02 10:43:00,3.14,45.000,14130.000,3.14,3.15,3.16,3.17,3.18,3486,7566,2034,2766,4251,3.13,3.12,3.11,3.1,3.09,5699,1702,2720,1559,1684,1
2020-01-02 10:43:06,3.13,35.000,10955.000,3.14,3.15,3.16,3.17,3.18,3411,7566,2034,2767,4251,3.13,3.12,3.11,3.1,3.09,5724,1702,2720,1559,1714,0
2020-01-02 10:43:12,3.13,42.000,13146.000,3.14,3.15,3.16,3.17,3.18,3449,7638,2034,2767,4251,3.13,3.12,3.11,3.1,3.09,5682,1702,2720,1759,1729,0
2020-01-02 10:43:15,3.14,1000.000,314000.000,3.14,3.15,3.16,3.17,3.18,2449,7638,2202,2767,4251,3.13,3.12,3.11,3.1,3.09,5716,1702,2720,1759,1729,1
2020-01-02 10:43:18,3.13,1.000,313.000,3.14,3.15,3.16,3.17,3.18,2449,7638,2202,2767,4251,3.13,3.12,3.11,3.1,3.09,5895,1702,2720,1759,1729,0
2020-01-02 10:43:30,3.14,3.000,942.000,3.14,3.15,3.16,3.17,3.18,2435,7638,2202,2767,4040,3.13,3.12,3.11,3.1,3.09,5881,1702,2720,1779,1729,1
2020-01-02 10:43:33,3.14,13.000,4082.000,3.14,3.15,3.16,3.17,3.18,2429,7638,2202,2767,4040,3.13,3.12,3.11,3.1,3.09,5881,1702,2720,1779,1729,1
2020-01-02 10:43:42,3.14,277.000,86978.000,3.14,3.15,3.16,3.17,3.18,2140,7638,2202,2767,4040,3.13,3.12,3.11,3.1,3.09,5743,1702,2720,1779,1729,1
2020-01-02 10:43:45,3.14,116.000,36424.000,3.14,3.15,3.16,3.17,3.18,2024,7638,2202,2767,4040,3.13,3.12,3.11,3.1,3.09,5745,1702,2720,1779,1729,1
2020-01-02 10:43:48,3.14,330.000,103620.000,3.14,3.15,3.16,3.17,3.18,1659,7638,2202,2767,4040,3.13,3.12,3.11,3.1,3.09,5745,1702,2720,1779,1729,1
2020-01-02 10:43:52,3.14,106.000,33284.000,3.14,3.15,3.16,3.17,3.18,1553,7638,2202,2868,4040,3.13,3.12,3.11,3.1,3.09,5745,1702,2720,1779,1729,1
2020-01-02 10:43:54,3.14,244.000,76616.000,3.14,3.15,3.16,3.17,3.18,1309,7648,2202,2868,4040,3.13,3.12,3.11,3.1,3.09,5745,1702,2720,1779,1729,1
2020-01-02 10:43:57,3.14,289.000,90746.000,3.14,3.15,3.16,3.17,3.18,1020,7648,2202,2868,4040,3.13,3.12,3.11,3.1,3.09,5745,1702,2720,1779,1729,1
2020-01-02 10:44:00,3.14,208.000,65312.000,3.14,3.15,3.16,3.17,3.18,805,7648,2202,2868,4040,3.13,3.12,3.11,3.1,3.09,5745,1702,2720,1779,1729,1
2020-01-02 10:44:03,3.14,20.000,6280.000,3.14,3.15,3.16,3.17,3.18,785,7648,2202,2868,4040,3.13,3.12,3.11,3.1,3.09,5747,1702,2720,1769,1729,1
2020-01-02 10:44:06,3.14,228.000,71592.000,3.14,3.15,3.16,3.17,3.18,547,7648,2202,2868,4040,3.13,3.12,3.11,3.1,3.09,5747,1702,2720,1769,1729,1
2020-01-02 10:44:09,3.14,53.000,16635.000,3.14,3.15,3.16,3.17,3.18,501,7648,2202,2868,4040,3.13,3.12,3.11,3.1,3.09,5740,1702,2820,1769,1729,1
2020-01-02 10:44:12,3.14,287.000,90118.000,3.14,3.15,3.16,3.17,3.18,214,7648,2218,2868,4040,3.13,3.12,3.11,3.1,3.09,5740,1702,2820,1769,1712,1
2020-01-02 10:44:15,3.14,214.000,67196.000,3.15,3.16,3.17,3.18,3.19,7648,2218,2868,4040,4101,3.14,3.13,3.12,3.11,3.1,59,5738,1702,2820,1769,1
2020-01-02 10:44:18,3.14,110.000,34540.000,3.15,3.16,3.17,3.18,3.19,7648,2218,2868,4040,4101,3.14,3.13,3.12,3.11,3.1,49,5738,1702,2820,1769,0
2020-01-02 10:44:39,3.15,165.000,51975.000,3.15,3.16,3.17,3.18,3.19,7315,2218,2880,4040,4101,3.14,3.13,3.12,3.11,3.1,683,5671,1692,2818,1769,1
2020-01-02 10:44:51,3.14,60.000,18840.000,3.15,3.16,3.17,3.18,3.19,7315,2218,2880,4040,4101,3.14,3.13,3.12,3.11,3.1,956,5437,1692,2818,1769,0
2020-01-02 10:45:09,3.14,3.000,942.000,3.15,3.16,3.17,3.18,3.19,7323,2218,2980,4040,4101,3.14,3.13,3.12,3.11,3.1,1058,5433,1692,2818,1769,0
2020-01-02 10:45:18,3.15,24.000,7560.000,3.15,3.16,3.17,3.18,3.19,7284,2228,2980,4040,4101,3.14,3.13,3.12,3.11,3.1,1034,5433,1692,2818,1769,1
2020-01-02 10:45:45,3.14,41.000,12874.000,3.15,3.16,3.17,3.18,3.19,7256,2230,2980,4040,4283,3.14,3.13,3.12,3.11,3.1,830,5393,1625,2818,1739,0
2020-01-02 10:46:06,3.14,5.000,1570.000,3.15,3.16,3.17,3.18,3.19,7330,2230,2981,4042,4283,3.14,3.13,3.12,3.11,3.1,925,5204,1625,2858,1787,0
2020-01-02 10:46:24,3.14,10.000,3140.000,3.15,3.16,3.17,3.18,3.19,7380,2280,2981,4042,4283,3.14,3.13,3.12,3.11,3.1,1185,5268,1586,2858,1787,0
2020-01-02 10:46:34,3.14,30.000,9420.000,3.15,3.16,3.17,3.18,3.19,7380,2280,2981,4042,4283,3.14,3.13,3.12,3.11,3.1,1255,5280,1586,2858,1792,0
2020-01-02 10:46:57,3.15,2.000,630.000,3.15,3.16,3.17,3.18,3.19,7378,2294,2981,4042,4208,3.14,3.13,3.12,3.11,3.1,1393,5280,1573,2858,1792,1
2020-01-02 10:47:00,3.15,43.000,13545.000,3.15,3.16,3.17,3.18,3.19,7335,2294,2981,4042,4208,3.14,3.13,3.12,3.11,3.1,1393,5280,1573,2858,1792,1
2020-01-02 10:47:03,3.14,200.000,62800.000,3.15,3.16,3.17,3.18,3.19,7335,2294,2981,4042,4208,3.14,3.13,3.12,3.11,3.1,1193,5280,1573,2858,1792,0
2020-01-02 10:47:06,3.14,100.000,31400.000,3.15,3.16,3.17,3.18,3.19,7368,2294,2981,4042,4208,3.14,3.13,3.12,3.11,3.1,1093,5280,1573,2858,1792,0
2020-01-02 10:47:09,3.14,125.000,39250.000,3.15,3.16,3.17,3.18,3.19,7368,2294,2981,4042,4208,3.14,3.13,3.12,3.11,3.1,968,5280,1573,2858,1792,0
2020-01-02 10:47:12,3.14,30.000,9420.000,3.15,3.16,3.17,3.18,3.19,7418,2333,2981,4042,4208,3.14,3.13,3.12,3.11,3.1,953,5280,1573,2858,1792,0
2020-01-02 10:47:28,3.14,70.000,21980.000,3.15,3.16,3.17,3.18,3.19,7430,2333,2981,4042,4206,3.14,3.13,3.12,3.11,3.1,883,5280,1569,2840,1792,0
2020-01-02 10:47:30,3.14,16.000,5024.000,3.15,3.16,3.17,3.18,3.19,7430,2333,2981,4042,4206,3.14,3.13,3.12,3.11,3.1,877,5280,1569,2840,1792,0
2020-01-02 10:47:36,3.14,50.000,15700.000,3.15,3.16,3.17,3.18,3.19,7430,2333,2981,4042,4206,3.14,3.13,3.12,3.11,3.1,647,5280,1569,2840,1792,0
2020-01-02 10:47:39,3.14,70.000,21980.000,3.15,3.16,3.17,3.18,3.19,7430,2233,2981,4042,4206,3.14,3.13,3.12,3.11,3.1,570,5280,1573,2840,1792,0
2020-01-02 10:47:42,3.14,103.000,32342.000,3.15,3.16,3.17,3.18,3.19,7430,2233,2981,4042,4206,3.14,3.13,3.12,3.11,3.1,467,5160,1573,2840,1792,0
2020-01-02 10:47:48,3.14,4.000,1256.000,3.15,3.16,3.17,3.18,3.19,7430,2233,2981,4042,4206,3.14,3.13,3.12,3.11,3.1,463,5168,1573,2840,1792,0
2020-01-02 10:47:51,3.14,64.000,20096.000,3.15,3.16,3.17,3.18,3.19,7397,2233,2981,4042,4206,3.14,3.13,3.12,3.11,3.1,412,5168,1573,2840,1792,0
2020-01-02 10:47:55,3.14,95.000,29830.000,3.15,3.16,3.17,3.18,3.19,7397,2233,2981,4042,4206,3.14,3.13,3.12,3.11,3.1,317,5168,1573,2840,1792,0
2020-01-02 10:47:57,3.14,70.000,21980.000,3.15,3.16,3.17,3.18,3.19,7397,2233,2989,4042,4206,3.14,3.13,3.12,3.11,3.1,347,5168,1573,2840,1792,0
2020-01-02 10:48:01,3.15,10.000,3150.000,3.15,3.16,3.17,3.18,3.19,7387,2233,2989,4042,4206,3.14,3.13,3.12,3.11,3.1,367,5168,1573,2840,1792,1
2020-01-02 10:48:04,3.14,64.000,20096.000,3.15,3.16,3.17,3.18,3.19,7462,2233,2989,4042,4206,3.14,3.13,3.12,3.11,3.1,320,5159,1573,2840,1792,0
2020-01-02 10:48:07,3.14,10.000,3140.000,3.15,3.16,3.17,3.18,3.19,7562,2233,2989,3972,4206,3.14,3.13,3.12,3.11,3.1,370,5159,1573,2840,1792,0
2020-01-02 10:48:09,3.15,32.000,10080.000,3.15,3.16,3.17,3.18,3.19,7530,2233,2989,3972,4206,3.14,3.13,3.12,3.11,3.1,370,5159,1573,2840,1792,1
2020-01-02 10:48:18,3.14,185.000,58107.000,3.15,3.16,3.17,3.18,3.19,7523,2233,2989,3972,4206,3.14,3.13,3.12,3.11,3.1,202,5149,1573,2840,1830,0
2020-01-02 10:48:21,3.15,8.000,2520.000,3.15,3.16,3.17,3.18,3.19,7515,2233,2989,3972,4206,3.14,3.13,3.12,3.11,3.1,202,5149,1573,2840,1830,1
2020-01-02 10:48:30,3.15,5.000,1575.000,3.15,3.16,3.17,3.18,3.19,7542,2233,2989,3972,4236,3.14,3.13,3.12,3.11,3.1,202,5149,1573,2840,1830,1
2020-01-02 10:48:33,3.14,10.000,3140.000,3.15,3.16,3.17,3.18,3.19,7545,2223,2989,3972,4236,3.14,3.13,3.12,3.11,3.1,192,4449,1573,2840,1830,0
2020-01-02 10:48:43,3.15,54.000,16960.000,3.15,3.16,3.17,3.18,3.19,7541,2223,2989,3972,4236,3.14,3.13,3.12,3.11,3.1,152,4449,1573,2840,1830,1
2020-01-02 10:48:51,3.14,130.000,40820.000,3.15,3.16,3.17,3.18,3.19,7738,2273,2989,3972,4236,3.14,3.13,3.12,3.11,3.1,12,4449,1573,2840,1762,0
2020-01-02 10:48:54,3.14,7.000,2198.000,3.15,3.16,3.17,3.18,3.19,7738,2273,2989,3972,4236,3.14,3.13,3.12,3.11,3.1,5,4449,1573,2840,1762,0
2020-01-02 10:48:57,3.14,5.000,1570.000,3.14,3.15,3.16,3.17,3.18,130,7738,2273,2989,3972,3.13,3.12,3.11,3.1,3.09,4451,1573,2840,1762,1646,0
2020-01-02 10:49:51,3.14,3.000,942.000,3.14,3.15,3.16,3.17,3.18,315,7992,2273,3081,4091,3.13,3.12,3.11,3.1,3.09,4737,1573,2840,1762,1650,1
2020-01-02 10:50:03,3.14,5.000,1570.000,3.14,3.15,3.16,3.17,3.18,310,7992,2273,3081,4095,3.13,3.12,3.11,3.1,3.09,4737,1573,2840,1762,1650,1
2020-01-02 10:50:12,3.14,20.000,6280.000,3.14,3.15,3.16,3.17,3.18,320,7992,2333,3081,4095,3.13,3.12,3.11,3.1,3.09,4737,1573,2840,1762,1650,1
2020-01-02 10:50:15,3.13,1.000,313.000,3.14,3.15,3.16,3.17,3.18,320,7992,2333,3081,4095,3.13,3.12,3.11,3.1,3.09,4736,1573,2840,1762,1650,0
2020-01-02 10:50:30,3.13,170.000,53344.000,3.14,3.15,3.16,3.17,3.18,348,8061,2331,3081,4095,3.13,3.12,3.11,3.1,3.09,4957,1573,2840,1762,1650,0
2020-01-02 10:50:45,3.13,48.000,15024.000,3.14,3.15,3.16,3.17,3.18,506,8058,2331,3081,4095,3.13,3.12,3.11,3.1,3.09,4938,1573,2840,1762,1650,0
2020-01-02 10:51:00,3.13,10.000,3130.000,3.14,3.15,3.16,3.17,3.18,601,8058,2331,3081,4095,3.13,3.12,3.11,3.1,3.09,4930,1623,2840,1762,1650,0
2020-01-02 10:51:24,3.14,832.000,261248.000,3.15,3.16,3.17,3.18,3.19,8155,2318,3081,4065,4236,3.14,3.13,3.12,3.11,3.1,168,4956,1623,2840,1762,1
2020-01-02 10:51:36,3.14,139.000,43646.000,3.15,3.16,3.17,3.18,3.19,8155,2318,3111,4065,4067,3.14,3.13,3.12,3.11,3.1,29,4928,1623,2840,1762,0
2020-01-02 10:51:51,3.14,20.000,6280.000,3.15,3.16,3.17,3.18,3.19,8251,2308,3111,4065,4067,3.14,3.13,3.12,3.11,3.1,9,4695,1623,2840,1762,0
2020-01-02 10:52:06,3.14,20.000,6280.000,3.15,3.16,3.17,3.18,3.19,8241,2308,3111,3965,4067,3.14,3.13,3.12,3.11,3.1,41,4617,1623,2840,1762,0
2020-01-02 10:52:09,3.14,10.000,3140.000,3.15,3.16,3.17,3.18,3.19,8254,2308,3111,3965,4067,3.14,3.13,3.12,3.11,3.1,31,4617,1623,2840,1762,0
2020-01-02 10:52:30,3.14,30.000,9420.000,3.15,3.16,3.17,3.18,3.19,8587,2308,3111,3965,4067,3.14,3.13,3.12,3.11,3.1,1,4617,1623,2840,1639,0
2020-01-02 10:52:57,3.14,1.000,314.000,3.14,3.15,3.16,3.17,3.18,34,8748,2308,3111,3970,3.13,3.12,3.11,3.1,3.09,4402,1603,2840,1639,1727,0
2020-01-02 10:53:06,3.14,5.000,1570.000,3.14,3.15,3.16,3.17,3.18,32,8735,2308,3111,3970,3.13,3.12,3.11,3.1,3.09,4418,1603,2860,1639,1727,1
2020-01-02 10:53:30,3.14,4.000,1256.000,3.14,3.15,3.16,3.17,3.18,79,8639,2308,3111,3970,3.13,3.12,3.11,3.1,3.09,4393,1643,2796,1639,1727,1
2020-01-02 10:53:42,3.14,20.000,6280.000,3.14,3.15,3.16,3.17,3.18,251,8649,2308,3111,3970,3.13,3.12,3.11,3.1,3.09,4461,1643,2796,1639,1727,1
2020-01-02 10:53:48,3.13,267.000,83682.000,3.14,3.15,3.16,3.17,3.18,252,8649,2308,3111,3970,3.13,3.12,3.11,3.1,3.09,4304,1643,2796,1639,1727,0
2020-01-02 10:54:21,3.14,2.000,628.000,3.14,3.15,3.16,3.17,3.18,343,8648,2308,3161,3970,3.13,3.12,3.11,3.1,3.09,3755,1643,2796,1639,1727,1
2020-01-02 10:54:30,3.14,2.000,628.000,3.14,3.15,3.16,3.17,3.18,378,8648,2308,3161,3970,3.13,3.12,3.11,3.1,3.09,3824,1643,2796,1639,1727,1
2020-01-02 10:55:33,3.14,8.000,2512.000,3.14,3.15,3.16,3.17,3.18,959,8691,2308,3170,3953,3.13,3.12,3.11,3.1,3.09,3509,1608,2816,1654,1727,1
2020-01-02 10:55:42,3.13,1.000,312.000,3.14,3.15,3.16,3.17,3.18,1417,8677,2308,3170,3953,3.13,3.12,3.11,3.1,3.09,3358,1608,2816,1654,1727,0
2020-01-02 10:56:24,3.14,18.000,5652.000,3.14,3.15,3.16,3.17,3.18,1567,8989,2308,3170,4185,3.13,3.12,3.11,3.1,3.09,3564,1608,2866,1654,1727,1
2020-01-02 10:57:00,3.13,3.000,940.000,3.14,3.15,3.16,3.17,3.18,1871,9046,2308,3170,4185,3.13,3.12,3.11,3.1,3.09,4142,1608,2866,1654,1727,0
2020-01-02 10:57:36,3.14,5.000,1568.000,3.14,3.15,3.16,3.17,3.18,1902,9041,2308,3170,4186,3.13,3.12,3.11,3.1,3.09,4599,1608,2846,1654,1727,1
2020-01-02 10:58:00,3.14,63.000,19750.000,3.14,3.15,3.16,3.17,3.18,2061,9038,2308,3170,4186,3.13,3.12,3.11,3.1,3.09,4474,1674,2846,1654,1727,1
2020-01-02 10:58:21,3.14,9.000,2826.000,3.14,3.15,3.16,3.17,3.18,1988,9077,2265,3170,4186,3.13,3.12,3.11,3.1,3.09,4345,1674,2846,1654,1739,1
2020-01-02 10:58:33,3.13,20.000,6260.000,3.14,3.15,3.16,3.17,3.18,2047,9094,2255,3170,4186,3.13,3.12,3.11,3.1,3.09,4287,1674,2846,1654,1739,0
2020-01-02 10:58:45,3.14,2.000,628.000,3.14,3.15,3.16,3.17,3.18,2082,9146,2255,3170,4186,3.13,3.12,3.11,3.1,3.09,4323,1674,2846,1654,1739,1
2020-01-02 10:59:03,3.14,38.000,11932.000,3.14,3.15,3.16,3.17,3.18,2089,9146,2255,3170,4186,3.13,3.12,3.11,3.1,3.09,4323,1674,2846,1654,1739,1
2020-01-02 10:59:24,3.14,68.000,21352.000,3.14,3.15,3.16,3.17,3.18,2021,9146,2255,3170,4236,3.13,3.12,3.11,3.1,3.09,4323,1667,2879,1654,1739,1
2020-01-02 10:59:33,3.13,100.000,31300.000,3.14,3.15,3.16,3.17,3.18,2031,9096,2255,3170,4236,3.13,3.12,3.11,3.1,3.09,4223,1667,2879,1654,1739,0
2020-01-02 10:59:54,3.14,298.000,93572.000,3.14,3.15,3.16,3.17,3.18,1733,9126,2255,3170,4196,3.13,3.12,3.11,3.1,3.09,4228,1667,2879,1654,1739,1
2020-01-02 11:00:00,3.14,115.000,36100.000,3.14,3.15,3.16,3.17,3.18,1628,9126,2255,3170,4196,3.13,3.12,3.11,3.1,3.09,4218,1789,2879,1654,1739,1
2020-01-02 11:00:06,3.14,347.000,108958.000,3.14,3.15,3.16,3.17,3.18,1281,9126,2255,3170,4196,3.13,3.12,3.11,3.1,3.09,4218,1789,2879,1654,1739,1
2020-01-02 11:00:42,3.14,45.000,14130.000,3.14,3.15,3.16,3.17,3.18,1597,9076,2255,3088,4196,3.13,3.12,3.11,3.1,3.09,4253,1789,2839,1654,1739,1
2020-01-02 11:01:10,3.14,5.000,1570.000,3.14,3.15,3.16,3.17,3.18,1799,9156,2255,3092,4196,3.13,3.12,3.11,3.1,3.09,4273,1725,2839,1654,1739,1
2020-01-02 11:01:33,3.13,3.000,938.000,3.14,3.15,3.16,3.17,3.18,1977,9108,2255,3092,4209,3.13,3.12,3.11,3.1,3.09,4319,1765,2839,1654,1739,0
2020-01-02 11:01:48,3.14,5.000,1572.000,3.14,3.15,3.16,3.17,3.18,1972,9190,2255,3092,4210,3.13,3.12,3.11,3.1,3.09,4498,1765,2839,1654,1739,1
2020-01-02 11:01:51,3.13,100.000,31300.000,3.14,3.15,3.16,3.17,3.18,1972,9190,2440,3092,4210,3.13,3.12,3.11,3.1,3.09,4450,1765,2839,1654,1739,0
2020-01-02 11:01:58,3.14,1942.000,609788.000,3.14,3.15,3.16,3.17,3.18,30,9190,2490,3092,4221,3.13,3.12,3.11,3.1,3.09,4410,1765,2839,1654,1739,1
2020-01-02 11:02:00,3.14,32.000,10048.000,3.15,3.16,3.17,3.18,3.19,9189,2490,3092,4232,4057,3.14,3.13,3.12,3.11,3.1,18,4410,1765,2839,1654,1
2020-01-02 11:02:03,3.14,7.000,2196.000,3.15,3.16,3.17,3.18,3.19,9189,2490,3092,4232,4057,3.14,3.13,3.12,3.11,3.1,11,4410,1805,2839,1654,0
2020-01-02 11:02:06,3.13,35.000,10968.000,3.15,3.16,3.17,3.18,3.19,9191,2490,3092,4232,4057,3.13,3.12,3.11,3.1,3.09,4386,1805,2910,1654,1739,0
2020-01-02 11:02:12,3.13,2.000,624.000,3.15,3.16,3.17,3.18,3.19,9088,2490,3092,4232,4057,3.13,3.12,3.11,3.1,3.09,4421,1805,2910,1654,1739,0
2020-01-02 11:02:21,3.15,50.000,15752.000,3.15,3.16,3.17,3.18,3.19,9138,2490,3092,4232,4057,3.13,3.12,3.11,3.1,3.09,4452,1805,2910,1654,1739,1
2020-01-02 11:02:27,3.15,25.000,7874.000,3.15,3.16,3.17,3.18,3.19,9113,2490,3092,4232,4057,3.13,3.12,3.11,3.1,3.09,4452,1805,2910,1654,1739,1
2020-01-02 11:02:54,3.14,11.000,3454.000,3.14,3.15,3.16,3.17,3.18,45,9103,2500,3042,4232,3.13,3.12,3.11,3.1,3.09,4414,2108,2171,1654,1739,0
2020-01-02 11:03:06,3.14,37.000,11618.000,3.14,3.15,3.16,3.17,3.18,8,9113,2537,3042,4232,3.13,3.12,3.11,3.1,3.09,4414,2108,2171,1654,1739,1
2020-01-02 11:03:12,3.14,20.000,6280.000,3.15,3.16,3.17,3.18,3.19,9113,2537,3042,4232,4057,3.14,3.13,3.12,3.11,3.1,12,4424,2008,2171,1654,1
2020-01-02 11:03:36,3.14,5.000,1570.000,3.14,3.15,3.16,3.17,3.18,15,9356,2537,3042,4235,3.13,3.12,3.11,3.1,3.09,4424,2008,2181,1654,1739,1
2020-01-02 11:03:45,3.14,15.000,4710.000,3.15,3.16,3.17,3.18,3.19,9356,2537,3042,4235,3957,3.14,3.13,3.12,3.11,3.1,15,4434,2108,2181,1654,1
2020-01-02 11:04:07,3.15,173.000,54472.000,3.15,3.16,3.17,3.18,3.19,9206,2537,3042,4235,3957,3.14,3.13,3.12,3.11,3.1,42,4481,2108,2181,1654,1
2020-01-02 11:04:19,3.14,10.000,3140.000,3.15,3.16,3.17,3.18,3.19,9206,2490,3080,4235,3957,3.14,3.13,3.12,3.11,3.1,32,4481,2058,2181,1654,0
2020-01-02 11:05:03,3.14,12.000,3768.000,3.15,3.16,3.17,3.18,3.19,9355,2490,3080,4295,3957,3.14,3.13,3.12,3.11,3.1,420,4436,2119,2181,1654,0
2020-01-02 11:05:36,3.14,36.000,11304.000,3.15,3.16,3.17,3.18,3.19,9447,2490,3090,4295,3957,3.14,3.13,3.12,3.11,3.1,417,4437,2119,2181,1654,0
2020-01-02 11:05:58,3.15,10.000,3150.000,3.15,3.16,3.17,3.18,3.19,9504,2474,3090,4295,3957,3.14,3.13,3.12,3.11,3.1,417,4437,2119,2181,1654,1
2020-01-02 11:06:15,3.14,1.000,314.000,3.15,3.16,3.17,3.18,3.19,9504,2474,3090,4295,3957,3.14,3.13,3.12,3.11,3.1,1310,4466,2119,2181,1654,0
2020-01-02 11:06:27,3.14,96.000,30144.000,3.15,3.16,3.17,3.18,3.19,9504,2474,3090,4295,3957,3.14,3.13,3.12,3.11,3.1,1214,4466,2103,2181,1654,0
2020-01-02 11:06:39,3.14,230.000,72220.000,3.15,3.16,3.17,3.18,3.19,9504,2474,3090,4295,3957,3.14,3.13,3.12,3.11,3.1,1034,4466,2133,2181,1654,0
2020-01-02 11:06:42,3.14,68.000,21352.000,3.15,3.16,3.17,3.18,3.19,9504,2474,3090,4295,3957,3.14,3.13,3.12,3.11,3.1,966,4446,2133,2181,1654,0
2020-01-02 11:06:54,3.14,10.000,3140.000,3.15,3.16,3.17,3.18,3.19,9699,2474,3090,4378,3957,3.14,3.13,3.12,3.11,3.1,956,4446,2133,2181,1654,0
2020-01-02 11:07:00,3.14,10.000,3140.000,3.15,3.16,3.17,3.18,3.19,9699,2474,3090,4378,3957,3.14,3.13,3.12,3.11,3.1,946,5261,2133,2181,1654,0
2020-01-02 11:07:18,3.14,57.000,17898.000,3.15,3.16,3.17,3.18,3.19,9669,2474,3090,4378,3957,3.14,3.13,3.12,3.11,3.1,839,5261,2133,2181,1654,0
2020-01-02 11:07:27,3.15,112.000,35280.000,3.15,3.16,3.17,3.18,3.19,9562,2474,3090,4295,3957,3.14,3.13,3.12,3.11,3.1,839,5270,2133,2181,1654,1
2020-01-02 11:07:36,3.14,20.000,6280.000,3.15,3.16,3.17,3.18,3.19,9562,2474,3090,4295,3957,3.14,3.13,3.12,3.11,3.1,819,5270,2133,2175,1654,0
2020-01-02 11:07:48,3.14,5.000,1570.000,3.15,3.16,3.17,3.18,3.19,9567,2474,3090,4295,3957,3.14,3.13,3.12,3.11,3.1,814,5270,2133,2175,1654,0
2020-01-02 11:07:51,3.14,16.000,5024.000,3.15,3.16,3.17,3.18,3.19,9617,2474,3090,4295,3957,3.14,3.13,3.12,3.11,3.1,798,5270,2133,2175,1654,0
2020-01-02 11:08:48,3.14,6.000,1884.000,3.15,3.16,3.17,3.18,3.19,9707,2474,3090,4295,4135,3.14,3.13,3.12,3.11,3.1,978,5222,2133,2175,1634,0
2020-01-02 11:09:03,3.14,32.000,10048.000,3.15,3.16,3.17,3.18,3.19,9886,2474,3090,4295,4135,3.14,3.13,3.12,3.11,3.1,946,5222,2133,2175,1634,0
2020-01-02 11:09:18,3.14,11.000,3454.000,3.15,3.16,3.17,3.18,3.19,9721,2474,3090,4295,4135,3.14,3.13,3.12,3.11,3.1,941,5191,2093,2175,1634,0
2020-01-02 11:09:21,3.14,10.000,3140.000,3.15,3.16,3.17,3.18,3.19,9721,2474,3090,4295,4135,3.14,3.13,3.12,3.11,3.1,931,5191,2093,2175,1634,0
2020-01-02 11:09:48,3.14,50.000,15700.000,3.15,3.16,3.17,3.18,3.19,9721,2474,3090,4295,4135,3.14,3.13,3.12,3.11,3.1,895,5090,2113,2175,1634,0
2020-01-02 11:09:54,3.14,10.000,3140.000,3.15,3.16,3.17,3.18,3.19,9821,2474,3090,4295,4135,3.14,3.13,3.12,3.11,3.1,885,5090,2113,2175,1634,0
2020-01-02 11:10:00,3.14,3.000,942.000,3.15,3.16,3.17,3.18,3.19,9835,2474,3090,4295,4135,3.14,3.13,3.12,3.11,3.1,920,5090,2113,2175,1634,0
2020-01-02 11:10:06,3.14,10.000,3140.000,3.15,3.16,3.17,3.18,3.19,9835,2474,3090,4295,4135,3.14,3.13,3.12,3.11,3.1,910,5090,2113,2175,1634,0
2020-01-02 11:10:12,3.14,1.000,314.000,3.15,3.16,3.17,3.18,3.19,9845,2474,3090,4295,4135,3.14,3.13,3.12,3.11,3.1,909,5090,2113,2175,1634,0
2020-01-02 11:10:15,3.14,10.000,3140.000,3.15,3.16,3.17,3.18,3.19,9885,2474,3090,4295,4135,3.14,3.13,3.12,3.11,3.1,899,5090,2113,2175,1634,0
2020-01-02 11:10:24,3.14,10.000,3140.000,3.15,3.16,3.17,3.18,3.19,9895,2479,3090,4295,4135,3.14,3.13,3.12,3.11,3.1,889,5090,2113,2274,1634,0
2020-01-02 11:10:48,3.14,10.000,3140.000,3.15,3.16,3.17,3.18,3.19,9903,2479,3090,4295,4135,3.14,3.13,3.12,3.11,3.1,879,5100,2113,2274,1634,0
2020-01-02 11:11:12,3.15,5.000,1576.000,3.15,3.16,3.17,3.18,3.19,9948,2479,3090,4285,4135,3.14,3.13,3.12,3.11,3.1,895,5100,2113,2274,1634,1
2020-01-02 11:11:15,3.14,150.000,47100.000,3.15,3.16,3.17,3.18,3.19,9948,2479,3090,4285,4135,3.14,3.13,3.12,3.11,3.1,745,5100,2113,2274,1634,0
2020-01-02 11:11:24,3.14,2.000,628.000,3.15,3.16,3.17,3.18,3.19,9948,2479,3090,4285,4135,3.14,3.13,3.12,3.11,3.1,743,5043,2113,2274,1634,0
2020-01-02 11:11:34,3.14,10.000,3140.000,3.15,3.16,3.17,3.18,3.19,9958,2479,3090,4285,4135,3.14,3.13,3.12,3.11,3.1,733,4951,2113,2274,1634,0
2020-01-02 11:11:42,3.15,1.000,314.000,3.15,3.16,3.17,3.18,3.19,9959,2479,3090,4285,4135,3.14,3.13,3.12,3.11,3.1,733,4951,2113,2274,1634,1
2020-01-02 11:11:54,3.14,31.000,9734.000,3.15,3.16,3.17,3.18,3.19,10713,2519,3090,4285,4135,3.14,3.13,3.12,3.11,3.1,802,4951,2113,2274,1634,0
2020-01-02 11:12:09,3.14,27.000,8478.000,3.15,3.16,3.17,3.18,3.19,10729,2519,3090,4285,4135,3.14,3.13,3.12,3.11,3.1,775,4913,2113,2274,1634,0
2020-01-02 11:12:18,3.14,20.000,6280.000,3.15,3.16,3.17,3.18,3.19,10719,2519,3090,4285,4135,3.14,3.13,3.12,3.11,3.1,755,4806,2113,2274,1634,0
2020-01-02 11:12:30,3.14,11.000,3454.000,3.15,3.16,3.17,3.18,3.19,10719,2519,3090,4285,4135,3.14,3.13,3.12,3.11,3.1,774,4759,2113,2274,1634,0
2020-01-02 11:12:36,3.14,17.000,5338.000,3.15,3.16,3.17,3.18,3.19,10719,2699,3090,4285,4135,3.14,3.13,3.12,3.11,3.1,757,4759,2113,2274,1634,0
2020-01-02 11:13:00,3.14,315.000,98910.000,3.15,3.16,3.17,3.18,3.19,10719,2699,3090,4285,4135,3.14,3.13,3.12,3.11,3.1,439,4759,2113,2274,1640,0
2020-01-02 11:13:06,3.15,30.000,9450.000,3.15,3.16,3.17,3.18,3.19,10689,2699,3090,4285,4135,3.14,3.13,3.12,3.11,3.1,439,4510,2113,2274,1640,1
2020-01-02 11:13:09,3.14,30.000,9420.000,3.15,3.16,3.17,3.18,3.19,10689,2699,3090,4285,4135,3.14,3.13,3.12,3.11,3.1,409,4510,2113,2274,1640,0
2020-01-02 11:13:16,3.14,26.000,8164.000,3.15,3.16,3.17,3.18,3.19,10689,2699,3090,4285,4135,3.14,3.13,3.12,3.11,3.1,383,4510,2113,2274,1640,0
2020-01-02 11:13:30,3.15,1.000,314.000,3.15,3.16,3.17,3.18,3.19,10689,2764,3090,4285,4105,3.14,3.13,3.12,3.11,3.1,385,4510,2113,2274,1640,1
2020-01-02 11:13:48,3.14,1.000,316.000,3.15,3.16,3.17,3.18,3.19,10689,2763,3090,4288,4105,3.14,3.13,3.12,3.11,3.1,374,4510,2113,2274,1640,0
2020-01-02 11:14:12,3.14,50.000,15700.000,3.15,3.16,3.17,3.18,3.19,10824,2763,3090,4288,4187,3.14,3.13,3.12,3.11,3.1,338,4551,2113,2274,1644,0
2020-01-02 11:14:51,3.14,17.000,5336.000,3.15,3.16,3.17,3.18,3.19,10784,2763,3090,4298,4187,3.14,3.13,3.12,3.11,3.1,368,4551,2080,2274,1644,0
2020-01-02 11:15:09,3.14,40.000,12560.000,3.15,3.16,3.17,3.18,3.19,10566,2747,3090,4298,4187,3.14,3.13,3.12,3.11,3.1,328,4551,2080,2274,1644,0
2020-01-02 11:15:31,3.14,100.000,31400.000,3.15,3.16,3.17,3.18,3.19,10566,2747,3090,4298,4187,3.14,3.13,3.12,3.11,3.1,228,4551,2080,2274,1644,0
2020-01-02 11:16:15,3.14,20.000,6280.000,3.15,3.16,3.17,3.18,3.19,10463,2682,3090,4298,4187,3.14,3.13,3.12,3.11,3.1,218,4529,1958,2274,1644,0
2020-01-02 11:17:03,3.15,3.000,946.000,3.15,3.16,3.17,3.18,3.19,10506,2682,3110,4298,4187,3.14,3.13,3.12,3.11,3.1,2359,4299,1958,2274,1644,1
2020-01-02 11:17:48,3.15,5.000,1574.000,3.15,3.16,3.17,3.18,3.19,10844,2672,3240,4298,4187,3.14,3.13,3.12,3.11,3.1,2360,4300,1957,2274,1644,1
2020-01-02 11:17:51,3.14,20.000,6280.000,3.15,3.16,3.17,3.18,3.19,10844,2672,3240,4298,4187,3.14,3.13,3.12,3.11,3.1,2340,4300,1957,2274,1644,0
2020-01-02 11:18:15,3.15,54.000,17012.000,3.15,3.16,3.17,3.18,3.19,10820,2672,3250,4336,4003,3.14,3.13,3.12,3.11,3.1,2340,4330,1968,2274,1644,1
2020-01-02 11:18:21,3.14,10.000,3140.000,3.15,3.16,3.17,3.18,3.19,10820,2672,3250,4336,4003,3.14,3.13,3.12,3.11,3.1,2330,4330,1968,2274,1644,0
2020-01-02 11:18:27,3.14,30.000,9420.000,3.15,3.16,3.17,3.18,3.19,10820,2672,3250,4336,4003,3.14,3.13,3.12,3.11,3.1,2300,4330,1968,2274,1479,0
2020-01-02 11:18:30,3.15,1.000,314.000,3.15,3.16,3.17,3.18,3.19,10819,2672,3250,4336,4003,3.14,3.13,3.12,3.11,3.1,2300,4330,1968,2274,1479,1
2020-01-02 11:18:42,3.14,2.000,628.000,3.15,3.16,3.17,3.18,3.19,10819,2672,3250,4326,4003,3.14,3.13,3.12,3.11,3.1,2315,4330,1968,2274,1479,0
