Time,Price,Volume,Amount,SP1,SP2,SP3,SP4,SP5,SV1,SV2,SV3,SV4,SV5,BP1,BP2,BP3,BP4,BP5,BV1,BV2,BV3,BV4,BV5,isBuy
2020-01-02 09:15:09,32.39,0.000,0.000,32.39,0,0,0,0,1593,35,0,0,0,32.39,0,0,0,0,1593,0,0,0,0,1
2020-01-02 09:15:18,32.39,0.000,0.000,32.39,0,0,0,0,1637,8,0,0,0,32.39,0,0,0,0,1637,0,0,0,0,1
2020-01-02 09:15:36,32.39,0.000,0.000,32.39,0,0,0,0,1658,39,0,0,0,32.39,0,0,0,0,1658,0,0,0,0,1
2020-01-02 09:15:45,32.39,0.000,0.000,32.39,0,0,0,0,1662,35,0,0,0,32.39,0,0,0,0,1662,0,0,0,0,1
2020-01-02 09:15:54,32.39,0.000,0.000,32.39,0,0,0,0,1698,0,0,0,0,32.39,0,0,0,0,1698,18,0,0,0,1
2020-01-02 09:16:03,32.4,0.000,0.000,32.4,0,0,0,0,1724,100,0,0,0,32.4,0,0,0,0,1724,0,0,0,0,1
2020-01-02 09:16:21,32.4,0.000,0.000,32.4,0,0,0,0,1753,72,0,0,0,32.4,0,0,0,0,1753,0,0,0,0,1
2020-01-02 09:16:30,32.4,0.000,0.000,32.4,0,0,0,0,1817,13,0,0,0,32.4,0,0,0,0,1817,0,0,0,0,1
2020-01-02 09:16:39,32.4,0.000,0.000,32.4,0,0,0,0,1832,0,0,0,0,32.4,0,0,0,0,1832,49,0,0,0,1
2020-01-02 09:16:48,32.4,0.000,0.000,32.4,0,0,0,0,1808,0,0,0,0,32.4,0,0,0,0,1808,220,0,0,0,1
2020-01-02 09:16:57,32.4,0.000,0.000,32.4,0,0,0,0,1798,0,0,0,0,32.4,0,0,0,0,1798,231,0,0,0,1
2020-01-02 09:17:06,32.4,0.000,0.000,32.4,0,0,0,0,1798,0,0,0,0,32.4,0,0,0,0,1798,235,0,0,0,1
2020-01-02 09:17:15,32.4,0.000,0.000,32.4,0,0,0,0,1797,0,0,0,0,32.4,0,0,0,0,1797,256,0,0,0,1
2020-01-02 09:17:24,32.4,0.000,0.000,32.4,0,0,0,0,1798,0,0,0,0,32.4,0,0,0,0,1798,323,0,0,0,1
2020-01-02 09:17:33,32.4,0.000,0.000,32.4,0,0,0,0,1800,0,0,0,0,32.4,0,0,0,0,1800,329,0,0,0,1
2020-01-02 09:17:42,32.4,0.000,0.000,32.4,0,0,0,0,1800,0,0,0,0,32.4,0,0,0,0,1800,365,0,0,0,1
2020-01-02 09:17:51,32.4,0.000,0.000,32.4,0,0,0,0,1939,0,0,0,0,32.4,0,0,0,0,1939,253,0,0,0,1
2020-01-02 09:18:00,32.4,0.000,0.000,32.4,0,0,0,0,1944,0,0,0,0,32.4,0,0,0,0,1944,278,0,0,0,1
2020-01-02 09:18:09,32.4,0.000,0.000,32.4,0,0,0,0,1952,0,0,0,0,32.4,0,0,0,0,1952,339,0,0,0,1
2020-01-02 09:18:18,32.4,0.000,0.000,32.4,0,0,0,0,1950,0,0,0,0,32.4,0,0,0,0,1950,372,0,0,0,1
2020-01-02 09:18:27,32.4,0.000,0.000,32.4,0,0,0,0,1950,0,0,0,0,32.4,0,0,0,0,1950,494,0,0,0,1
2020-01-02 09:18:36,32.4,0.000,0.000,32.4,0,0,0,0,1951,0,0,0,0,32.4,0,0,0,0,1951,501,0,0,0,1
2020-01-02 09:18:45,32.41,0.000,0.000,32.41,0,0,0,0,1954,2,0,0,0,32.41,0,0,0,0,1954,0,0,0,0,1
2020-01-02 09:18:54,32.4,0.000,0.000,32.4,0,0,0,0,1961,0,0,0,0,32.4,0,0,0,0,1961,889,0,0,0,0
2020-01-02 09:19:03,32.4,0.000,0.000,32.4,0,0,0,0,1979,0,0,0,0,32.4,0,0,0,0,1979,893,0,0,0,1
2020-01-02 09:19:12,32.43,0.000,0.000,32.43,0,0,0,0,1795,0,0,0,0,32.43,0,0,0,0,1795,37,0,0,0,1
2020-01-02 09:19:21,32.45,0.000,0.000,32.45,0,0,0,0,1811,229,0,0,0,32.45,0,0,0,0,1811,0,0,0,0,1
2020-01-02 09:19:30,32.45,0.000,0.000,32.45,0,0,0,0,1816,239,0,0,0,32.45,0,0,0,0,1816,0,0,0,0,1
2020-01-02 09:19:39,32.45,0.000,0.000,32.45,0,0,0,0,1839,216,0,0,0,32.45,0,0,0,0,1839,0,0,0,0,1
2020-01-02 09:19:48,32.45,0.000,0.000,32.45,0,0,0,0,1852,218,0,0,0,32.45,0,0,0,0,1852,0,0,0,0,1
2020-01-02 09:19:57,32.45,0.000,0.000,32.45,0,0,0,0,1930,157,0,0,0,32.45,0,0,0,0,1930,0,0,0,0,1
2020-01-02 09:20:01,32.45,0.000,0.000,32.45,0,0,0,0,1933,154,0,0,0,32.45,0,0,0,0,1933,0,0,0,0,1
2020-01-02 09:20:09,32.45,0.000,0.000,32.45,0,0,0,0,2078,54,0,0,0,32.45,0,0,0,0,2078,0,0,0,0,1
2020-01-02 09:20:19,32.45,0.000,0.000,32.45,0,0,0,0,2134,0,0,0,0,32.45,0,0,0,0,2134,23,0,0,0,1
2020-01-02 09:20:28,32.45,0.000,0.000,32.45,0,0,0,0,2165,0,0,0,0,32.45,0,0,0,0,2165,196,0,0,0,1
2020-01-02 09:20:37,32.45,0.000,0.000,32.45,0,0,0,0,2202,0,0,0,0,32.45,0,0,0,0,2202,231,0,0,0,1
2020-01-02 09:20:46,32.45,0.000,0.000,32.45,0,0,0,0,2207,0,0,0,0,32.45,0,0,0,0,2207,349,0,0,0,1
2020-01-02 09:20:54,32.45,0.000,0.000,32.45,0,0,0,0,2309,0,0,0,0,32.45,0,0,0,0,2309,346,0,0,0,1
2020-01-02 09:21:03,32.45,0.000,0.000,32.45,0,0,0,0,2309,0,0,0,0,32.45,0,0,0,0,2309,380,0,0,0,1
2020-01-02 09:21:12,32.45,0.000,0.000,32.45,0,0,0,0,2356,0,0,0,0,32.45,0,0,0,0,2356,415,0,0,0,1
2020-01-02 09:21:22,32.75,0.000,0.000,32.75,0,0,0,0,4676,25,0,0,0,32.75,0,0,0,0,4676,0,0,0,0,1
2020-01-02 09:21:31,32.75,0.000,0.000,32.75,0,0,0,0,4923,134,0,0,0,32.75,0,0,0,0,4923,0,0,0,0,1
2020-01-02 09:21:39,32.75,0.000,0.000,32.75,0,0,0,0,4965,118,0,0,0,32.75,0,0,0,0,4965,0,0,0,0,1
2020-01-02 09:21:48,32.78,0.000,0.000,32.78,0,0,0,0,5203,27,0,0,0,32.78,0,0,0,0,5203,0,0,0,0,1
2020-01-02 09:21:57,32.78,0.000,0.000,32.78,0,0,0,0,5246,0,0,0,0,32.78,0,0,0,0,5246,114,0,0,0,1
2020-01-02 09:22:06,32.79,0.000,0.000,32.79,0,0,0,0,5286,89,0,0,0,32.79,0,0,0,0,5286,0,0,0,0,1
2020-01-02 09:22:15,32.79,0.000,0.000,32.79,0,0,0,0,5487,0,0,0,0,32.79,0,0,0,0,5487,2,0,0,0,1
2020-01-02 09:22:24,32.79,0.000,0.000,32.79,0,0,0,0,5542,0,0,0,0,32.79,0,0,0,0,5542,323,0,0,0,1
2020-01-02 09:22:33,32.75,0.000,0.000,32.75,0,0,0,0,6402,0,0,0,0,32.75,0,0,0,0,6402,4,0,0,0,0
2020-01-02 09:22:42,32.77,0.000,0.000,32.77,0,0,0,0,6488,20,0,0,0,32.77,0,0,0,0,6488,0,0,0,0,1
2020-01-02 09:22:51,32.78,0.000,0.000,32.78,0,0,0,0,6681,0,0,0,0,32.78,0,0,0,0,6681,217,0,0,0,1
2020-01-02 09:23:00,32.8,0.000,0.000,32.8,0,0,0,0,7341,0,0,0,0,32.8,0,0,0,0,7341,488,0,0,0,1
2020-01-02 09:23:09,32.8,0.000,0.000,32.8,0,0,0,0,7459,0,0,0,0,32.8,0,0,0,0,7459,380,0,0,0,1
2020-01-02 09:23:18,32.8,0.000,0.000,32.8,0,0,0,0,7603,0,0,0,0,32.8,0,0,0,0,7603,547,0,0,0,1
2020-01-02 09:23:27,32.8,0.000,0.000,32.8,0,0,0,0,7842,0,0,0,0,32.8,0,0,0,0,7842,531,0,0,0,1
2020-01-02 09:23:36,32.8,0.000,0.000,32.8,0,0,0,0,8128,0,0,0,0,32.8,0,0,0,0,8128,334,0,0,0,1
2020-01-02 09:23:45,32.8,0.000,0.000,32.8,0,0,0,0,8552,0,0,0,0,32.8,0,0,0,0,8552,106,0,0,0,1
2020-01-02 09:23:55,32.8,0.000,0.000,32.8,0,0,0,0,8707,140,0,0,0,32.8,0,0,0,0,8707,0,0,0,0,1
2020-01-02 09:24:03,32.8,0.000,0.000,32.8,0,0,0,0,8995,0,0,0,0,32.8,0,0,0,0,8995,1407,0,0,0,1
2020-01-02 09:24:13,32.8,0.000,0.000,32.8,0,0,0,0,10314,0,0,0,0,32.8,0,0,0,0,10314,3309,0,0,0,1
2020-01-02 09:24:21,32.81,0.000,0.000,32.81,0,0,0,0,10391,7,0,0,0,32.81,0,0,0,0,10391,0,0,0,0,1
2020-01-02 09:24:31,32.8,0.000,0.000,32.8,0,0,0,0,15568,0,0,0,0,32.8,0,0,0,0,15568,1270,0,0,0,0
2020-01-02 09:24:40,32.81,0.000,0.000,32.81,0,0,0,0,15735,0,0,0,0,32.81,0,0,0,0,15735,148,0,0,0,1
2020-01-02 09:24:49,32.81,0.000,0.000,32.81,0,0,0,0,16499,0,0,0,0,32.81,0,0,0,0,16499,829,0,0,0,1
2020-01-02 09:24:57,32.81,0.000,0.000,32.81,0,0,0,0,17182,0,0,0,0,32.81,0,0,0,0,17182,940,0,0,0,1
2020-01-02 09:25:04,32.8,22068.000,72382980.000,32.81,32.82,32.83,32.84,32.85,610,84,68,15,226,32.8,32.79,32.78,32.77,32.76,1231,805,5447,190,159,0
2020-01-02 09:30:00,32.84,1126.000,3695712.000,32.85,32.86,32.87,32.88,32.89,226,78,6,369,76,32.84,32.83,32.82,32.8,32.79,274,1604,30,1231,805,1
2020-01-02 09:30:03,32.83,5947.000,19528500.000,32.84,32.86,32.88,32.89,32.9,34,2,242,201,524,32.83,32.82,32.81,32.8,32.79,6,359,6823,2421,408,0
2020-01-02 09:30:06,32.84,3394.000,11163990.000,32.89,32.95,32.96,32.97,32.98,10,424,88,55,840,32.84,32.83,32.82,32.81,32.8,46,117,1386,8361,2743,1
2020-01-02 09:30:09,32.84,0.000,0.000,32.89,32.95,32.96,32.97,32.98,10,424,88,55,840,32.84,32.83,32.82,32.81,32.8,46,117,1386,8361,2743,0
2020-01-02 09:30:09,32.95,938.000,3086136.000,32.95,32.96,32.97,32.98,32.99,247,88,55,845,644,32.86,32.85,32.84,32.83,32.82,109,174,3,178,1451,1
2020-01-02 09:30:12,32.87,973.000,3198872.000,32.9,32.95,32.96,32.97,32.98,2,6,88,55,845,32.85,32.84,32.83,32.82,32.81,457,8,171,1638,8399,0
2020-01-02 09:30:15,32.9,258.000,848896.000,32.94,32.96,32.97,32.98,32.99,341,40,55,845,644,32.9,32.89,32.88,32.87,32.86,22,7,89,2,6,1
2020-01-02 09:30:17,32.9,0.000,0.000,32.94,32.96,32.97,32.98,32.99,341,40,55,845,644,32.9,32.89,32.88,32.87,32.86,22,7,89,2,6,0
2020-01-02 09:30:18,32.94,370.000,1217824.000,32.94,32.95,32.96,32.97,32.98,208,59,40,55,847,32.9,32.89,32.88,32.87,32.86,20,10,80,19,810,1
2020-01-02 09:30:21,32.9,186.000,612296.000,32.93,32.94,32.95,32.96,32.97,60,321,179,40,56,32.9,32.89,32.88,32.87,32.86,159,4,81,19,810,0
2020-01-02 09:30:24,32.95,1671.000,5501592.000,32.95,32.97,32.98,32.99,33,107,170,635,671,1588,32.93,32.91,32.9,32.87,32.86,13,1,12,10,810,1
2020-01-02 09:30:27,32.9,3003.000,9879136.000,32.9,32.92,32.93,32.94,32.95,1852,6,58,10,116,32.87,32.86,32.85,32.84,32.83,5,641,110,41,303,0
2020-01-02 09:30:30,32.86,2407.000,7917792.000,32.93,32.94,32.95,32.97,32.98,61,10,119,372,645,32.9,32.86,32.85,32.84,32.83,3,417,109,54,301,0
2020-01-02 09:30:33,32.95,2583.000,8492112.000,32.97,32.98,32.99,33,33.01,226,665,835,1621,26,32.95,32.93,32.92,32.91,32.9,354,31,115,195,79,1
2020-01-02 09:30:36,32.92,808.000,2662640.000,32.95,32.97,32.98,32.99,33,68,65,644,835,1621,32.93,32.92,32.91,32.9,32.88,4,90,195,135,1,0
2020-01-02 09:30:39,32.91,1070.000,3525408.000,32.94,32.95,32.96,32.97,32.98,5,1156,40,65,647,32.91,32.9,32.88,32.87,32.86,197,190,1,6,51,0
2020-01-02 09:30:42,32.97,2283.000,7524064.000,32.98,32.99,33,33.01,33.02,227,810,1687,26,3,32.97,32.96,32.95,32.94,32.93,5,423,103,75,36,1
2020-01-02 09:30:45,32.94,1497.000,4934832.000,32.94,32.95,32.97,32.99,33,1397,60,12,546,1687,32.93,32.92,32.91,32.9,32.89,210,97,203,176,8,0
2020-01-02 09:30:48,32.94,2711.000,8934368.000,32.95,32.97,32.98,33,33.01,1,3,5,1508,26,32.94,32.93,32.92,32.91,32.9,37,85,177,208,175,1
2020-01-02 09:30:51,32.98,1049.000,3459952.000,33,33.01,33.02,33.03,33.04,1232,26,3,65,52,32.98,32.97,32.95,32.94,32.93,183,2,411,51,187,1
2020-01-02 09:30:54,33,1874.000,6182208.000,33.01,33.02,33.03,33.04,33.05,28,3,65,52,243,33,32.97,32.95,32.94,32.93,1410,251,696,350,189,1
2020-01-02 09:30:57,33.01,1107.000,3653872.000,33.04,33.05,33.06,33.07,33.08,52,243,20,30,34,33.03,33.01,33,32.98,32.97,131,23,855,100,258,1
2020-01-02 09:31:00,33,1247.000,4117328.000,33,33.04,33.05,33.06,33.07,802,196,281,20,30,32.98,32.97,32.95,32.94,32.93,100,268,778,373,89,0
2020-01-02 09:31:03,33,981.000,3237280.000,33,33.01,33.03,33.04,33.05,1056,17,1,196,281,32.98,32.97,32.95,32.94,32.93,265,267,853,380,99,1
2020-01-02 09:31:06,33,776.000,2560656.000,33,33.01,33.03,33.04,33.05,701,18,2,197,281,32.98,32.97,32.95,32.94,32.93,386,76,863,390,104,1
2020-01-02 09:31:09,32.98,2427.000,8006352.000,32.98,32.99,33,33.03,33.04,118,290,19,2,187,32.97,32.95,32.94,32.93,32.92,53,663,416,94,55,0
2020-01-02 09:31:12,32.96,752.000,2482272.000,32.96,32.97,32.98,33,33.03,50,155,254,2368,67,32.95,32.94,32.93,32.92,32.91,270,401,94,55,216,0
2020-01-02 09:31:15,32.96,1356.000,4472672.000,32.97,32.99,33,33.03,33.04,24,90,1792,69,16,32.96,32.95,32.94,32.93,32.92,19,267,401,294,55,1
2020-01-02 09:31:18,32.99,529.000,1745200.000,33,33.03,33.04,33.05,33.06,1522,72,16,283,21,32.99,32.97,32.96,32.95,32.94,13,158,24,267,402,1
2020-01-02 09:31:21,33,2397.000,7906576.000,33.03,33.04,33.05,33.06,33.07,61,17,284,21,41,33,32.97,32.96,32.95,32.94,391,4,55,270,384,1
2020-01-02 09:31:24,32.99,771.000,2545824.000,32.99,33,33.04,33.05,33.06,231,5,17,294,21,32.97,32.96,32.95,32.94,32.93,12,58,270,384,275,0
2020-01-02 09:31:27,32.99,1089.000,3591312.000,33,33.01,33.04,33.05,33.06,1,10,21,294,24,32.99,32.96,32.95,32.94,32.93,139,10,181,383,275,1
2020-01-02 09:31:30,32.99,361.000,1191360.000,33,33.03,33.04,33.05,33.06,35,23,62,293,24,32.99,32.98,32.96,32.95,32.94,247,7,49,171,371,0
2020-01-02 09:31:33,32.99,1359.000,4484336.000,32.99,33.03,33.04,33.05,33.06,1023,68,73,293,24,32.98,32.96,32.95,32.94,32.93,24,49,201,371,270,0
2020-01-02 09:31:36,33,1643.000,5420640.000,33.03,33.04,33.05,33.06,33.07,78,83,297,24,41,33,32.99,32.96,32.95,32.94,909,21,71,173,353,1
2020-01-02 09:31:39,33.05,697.000,2302688.000,33.06,33.07,33.08,33.09,33.1,22,41,41,538,611,33.05,33.03,33,32.99,32.98,1164,2,865,135,5,1
2020-01-02 09:31:42,33.05,1344.000,4441936.000,33.06,33.07,33.08,33.09,33.1,35,41,46,540,621,33.05,33,32.99,32.98,32.97,182,1070,146,5,2,0
2020-01-02 09:31:45,33.07,333.000,1100544.000,33.07,33.08,33.09,33.1,33.11,32,105,542,634,90,33.06,33.05,33.03,33,32.99,89,104,4,1033,144,1
2020-01-02 09:31:48,33.07,612.000,2023120.000,33.07,33.08,33.09,33.1,33.11,75,125,543,597,90,33.06,33.04,33,32.99,32.97,1,2,1055,142,2,1
2020-01-02 09:31:51,33.07,288.000,952544.000,33.07,33.08,33.09,33.1,33.11,10,217,544,597,90,33.06,33.05,33.04,33.03,33,844,4,2,8,1110,1
2020-01-02 09:31:54,33.07,403.000,1332496.000,33.07,33.08,33.09,33.1,33.11,202,252,557,617,90,33.06,33.05,33.03,33.01,33,643,18,8,17,1113,1
2020-01-02 09:31:57,33.1,2299.000,7606656.000,33.12,33.13,33.14,33.15,33.16,6115,357,23,302,4,33.1,33.08,33.07,33.06,33.05,2577,15,2,313,18,1
2020-01-02 09:32:00,33.11,2326.000,7703104.000,33.11,33.12,33.13,33.14,33.15,32,4112,93,23,305,33.1,33.08,33.07,33.06,33.05,2519,15,21,323,32,1
2020-01-02 09:32:03,33.12,4381.000,14509870.000,33.14,33.15,33.16,33.17,33.18,22,305,8,27,734,33.12,33.11,33.1,33.08,33.07,177,245,2507,15,144,1
2020-01-02 09:32:06,33.12,1549.000,5134016.000,33.18,33.19,33.2,33.21,33.22,734,7982,477,45,191,33.12,33.11,33.1,33.08,33.07,41,154,2381,115,173,0
2020-01-02 09:32:09,33.12,1045.000,3462880.000,33.15,33.17,33.18,33.19,33.2,89,10,445,7985,493,33.14,33.12,33.11,33.1,33.08,1,563,172,2351,115,0
2020-01-02 09:32:12,33.16,245.000,812128.000,33.17,33.18,33.19,33.2,33.21,26,457,7982,491,45,33.14,33.12,33.11,33.1,33.09,37,715,210,2351,2,1
2020-01-02 09:32:15,33.15,637.000,2111712.000,33.16,33.17,33.18,33.19,33.2,550,5,310,7982,494,33.15,33.12,33.11,33.1,33.08,2,655,471,2351,115,0
2020-01-02 09:32:18,33.13,389.000,1289408.000,33.13,33.16,33.17,33.18,33.19,240,425,16,366,7982,33.12,33.11,33.1,33.08,33.07,829,461,2351,115,135,0
2020-01-02 09:32:21,33.15,421.000,1394784.000,33.15,33.16,33.17,33.18,33.19,21,485,16,439,7982,33.14,33.13,33.12,33.11,33.1,18,7,781,336,2366,1
2020-01-02 09:32:24,33.14,624.000,2067424.000,33.15,33.16,33.17,33.18,33.19,1217,474,69,418,7985,33.14,33.12,33.11,33.1,33.08,5,757,334,2366,115,0
2020-01-02 09:32:27,33.13,686.000,2272608.000,33.14,33.15,33.16,33.17,33.18,1009,1465,521,139,406,33.13,33.12,33.11,33.1,33.08,45,633,365,2366,115,0
2020-01-02 09:32:30,33.14,1679.000,5563104.000,33.14,33.15,33.16,33.17,33.18,4,1576,533,161,422,33.13,33.12,33.11,33.1,33.08,187,118,342,2363,115,1
2020-01-02 09:32:33,33.13,1053.000,3489856.000,33.14,33.15,33.16,33.17,33.18,63,1216,492,161,427,33.13,33.12,33.11,33.1,33.08,11,118,347,2368,115,0
2020-01-02 09:32:36,33.15,1253.000,4153280.000,33.15,33.16,33.17,33.18,33.19,324,493,161,430,7991,33.13,33.12,33.11,33.1,33.08,46,119,347,2278,115,1
2020-01-02 09:32:39,33.12,914.000,3028928.000,33.14,33.16,33.17,33.18,33.19,81,453,161,448,7991,33.12,33.11,33.1,33.09,33.08,17,356,2283,1,115,0
2020-01-02 09:32:42,33.15,572.000,1896288.000,33.16,33.17,33.18,33.19,33.2,171,201,468,7991,656,33.15,33.14,33.12,33.11,33.1,46,76,3,356,2285,1
2020-01-02 09:32:45,33.15,555.000,1839616.000,33.16,33.17,33.18,33.19,33.2,5,201,552,7991,688,33.15,33.14,33.11,33.1,33.09,328,24,356,2285,1,0
2020-01-02 09:32:48,33.16,440.000,1458688.000,33.17,33.18,33.19,33.2,33.21,211,553,7993,688,158,33.16,33.15,33.14,33.12,33.11,34,13,33,7,362,1
2020-01-02 09:32:51,33.17,3010.000,9988864.000,33.19,33.2,33.21,33.22,33.23,5895,723,163,213,3,33.17,33.16,33.15,33.14,33.13,449,48,67,78,1,1
2020-01-02 09:32:54,33.18,601.000,1993664.000,33.19,33.2,33.21,33.22,33.23,5911,773,51,213,4,33.18,33.17,33.16,33.15,33.14,134,623,189,389,83,1
2020-01-02 09:32:57,33.18,842.000,2794848.000,33.19,33.2,33.21,33.22,33.23,5227,816,51,213,4,33.18,33.17,33.16,33.15,33.14,67,665,223,389,83,0
2020-01-02 09:33:00,33.19,2785.000,9241664.000,33.19,33.2,33.21,33.22,33.23,4021,816,51,213,4,33.17,33.16,33.15,33.14,33.13,388,217,389,82,12,1
2020-01-02 09:33:03,33.21,5400.000,17924160.000,33.22,33.23,33.24,33.25,33.26,213,4,3,564,11,33.21,33.2,33.19,33.17,33.16,100,1615,19,138,217,1
2020-01-02 09:33:06,33.25,1135.000,3770464.000,33.25,33.26,33.27,33.28,33.29,560,11,34,171,169,33.24,33.22,33.21,33.2,33.19,55,96,27,1470,312,1
2020-01-02 09:33:09,33.24,153.000,508608.000,33.25,33.26,33.27,33.28,33.29,534,11,34,171,169,33.24,33.22,33.21,33.2,33.19,55,2333,34,1470,311,0
2020-01-02 09:33:12,33.28,1084.000,3605088.000,33.28,33.29,33.3,33.31,33.32,42,116,615,10,22,33.25,33.24,33.23,33.22,33.21,126,70,38,141,43,1
2020-01-02 09:33:15,33.29,507.000,1685024.000,33.27,33.29,33.3,33.31,33.32,84,98,615,10,22,33.25,33.24,33.23,33.22,33.2,33,15,1650,18,1915,1
2020-01-02 09:33:18,33.33,1187.000,3953088.000,33.34,33.35,33.36,33.37,33.38,10,273,15,23,100,33.33,33.3,33.29,33.28,33.26,1658,8,183,71,18,1
2020-01-02 09:33:21,33.33,267.000,890176.000,33.35,33.36,33.37,33.38,33.39,160,16,33,100,461,33.33,33.32,33.3,33.29,33.28,1550,30,43,186,201,0
2020-01-02 09:33:24,33.35,450.000,1500320.000,33.36,33.37,33.38,33.39,33.4,16,218,104,461,582,33.35,33.34,33.33,33.32,33.3,353,42,1395,30,637,1
2020-01-02 09:33:27,33.36,108.000,360288.000,33.36,33.37,33.38,33.39,33.4,11,203,114,461,582,33.35,33.34,33.33,33.32,33.3,674,54,1409,30,637,1
2020-01-02 09:33:30,33.36,87.000,290240.000,33.37,33.38,33.39,33.4,33.41,186,112,525,585,16,33.36,33.35,33.34,33.33,33.32,34,738,23,1438,30,1
2020-01-02 09:33:33,33.37,243.000,810688.000,33.37,33.38,33.39,33.4,33.41,243,127,525,587,16,33.36,33.35,33.34,33.33,33.32,149,734,24,1444,30,1
2020-01-02 09:33:36,33.35,825.000,2751872.000,33.37,33.38,33.39,33.4,33.41,96,129,530,582,16,33.35,33.34,33.33,33.32,33.3,382,24,1444,30,640,0
2020-01-02 09:33:39,33.36,704.000,2349024.000,33.36,33.37,33.38,33.39,33.4,39,23,55,530,634,33.35,33.34,33.33,33.32,33.3,409,24,1444,30,1088,1
2020-01-02 09:33:42,33.38,1341.000,4472128.000,33.39,33.4,33.41,33.42,33.43,543,639,16,8,13,33.38,33.37,33.36,33.35,33.34,490,63,5,1,25,1
2020-01-02 09:33:45,33.39,1031.000,3443328.000,33.39,33.4,33.41,33.42,33.43,369,649,16,8,13,33.37,33.36,33.35,33.34,33.33,740,53,68,25,1444,1
2020-01-02 09:33:48,33.4,1429.000,4773408.000,33.4,33.45,33.46,33.47,33.48,6,371,17,18,242,33.38,33.37,33.36,33.35,33.34,8,755,104,69,25,1
2020-01-02 09:33:51,33.4,217.000,724480.000,33.45,33.46,33.47,33.48,33.49,391,17,18,243,149,33.4,33.39,33.38,33.37,33.36,211,5,5,702,116,1
2020-01-02 09:33:54,33.4,510.000,1704928.000,33.43,33.45,33.46,33.47,33.48,10,170,17,18,239,33.4,33.39,33.38,33.37,33.36,1063,92,30,713,99,0
2020-01-02 09:33:57,33.44,553.000,1847808.000,33.43,33.44,33.45,33.46,33.47,1,30,94,18,18,33.4,33.39,33.38,33.37,33.36,813,100,29,639,138,1
2020-01-02 09:34:00,33.44,1239.000,4143168.000,33.47,33.48,33.49,33.5,33.51,7,3,58,4312,1,33.45,33.44,33.43,33.42,33.4,7,1513,3,2,552,1
2020-01-02 09:34:03,33.44,2832.000,9485760.000,33.45,33.47,33.48,33.49,33.5,3,6,295,194,1839,33.44,33.43,33.42,33.4,33.39,1430,61,2,560,119,0
2020-01-02 09:34:06,33.44,2368.000,7921344.000,33.44,33.45,33.49,33.5,33.52,26,22,9,2074,14,33.43,33.42,33.4,33.39,33.38,390,2,509,443,34,0
2020-01-02 09:34:09,33.47,927.000,3104352.000,33.49,33.5,33.52,33.53,33.54,38,1545,14,10,57,33.47,33.46,33.45,33.44,33.43,1,7,53,144,396,1
2020-01-02 09:34:12,33.48,1936.000,6481440.000,33.49,33.5,33.52,33.53,33.54,2,479,14,10,57,33.48,33.47,33.45,33.44,33.43,1079,1,44,319,195,1
2020-01-02 09:34:15,33.5,762.000,2552544.000,33.52,33.53,33.54,33.55,33.56,21,10,57,112,39,33.5,33.49,33.48,33.47,33.46,859,107,995,37,335,1
2020-01-02 09:34:18,33.53,736.000,2466080.000,33.54,33.55,33.56,33.57,33.58,18,132,39,42,217,33.53,33.5,33.49,33.48,33.47,1,1712,264,1008,46,1
2020-01-02 09:34:21,33.5,834.000,2796800.000,33.55,33.58,33.59,33.6,33.61,12,227,125,539,32,33.5,33.49,33.48,33.47,33.46,1585,304,1008,46,335,0
2020-01-02 09:34:24,33.55,692.000,2320416.000,33.58,33.59,33.6,33.61,33.62,244,125,542,32,10,33.55,33.54,33.52,33.51,33.5,15,123,1,4,1347,1
2020-01-02 09:34:27,33.55,1011.000,3390688.000,33.58,33.59,33.6,33.61,33.62,144,129,522,174,10,33.55,33.51,33.5,33.49,33.48,7,145,1159,231,1013,0
2020-01-02 09:34:30,33.58,568.000,1907168.000,33.59,33.6,33.61,33.62,33.63,122,529,177,10,4,33.58,33.57,33.55,33.54,33.53,3,15,4,16,3,1
2020-01-02 09:34:33,33.57,1872.000,6277920.000,33.56,33.57,33.58,33.6,33.61,943,18,13,352,184,33.54,33.5,33.49,33.48,33.47,45,1003,239,1011,12,0
2020-01-02 09:34:36,33.56,977.000,3278304.000,33.55,33.56,33.57,33.58,33.59,6,232,18,125,18,33.5,33.49,33.48,33.47,33.45,1020,109,1011,7,183,0
2020-01-02 09:34:39,33.56,1042.000,3497120.000,33.58,33.59,33.6,33.61,33.62,10,38,382,184,12,33.56,33.5,33.49,33.48,33.47,15,1161,109,1011,5,1
2020-01-02 09:34:42,33.55,1553.000,5205632.000,33.55,33.56,33.58,33.59,33.6,2221,49,109,43,422,33.5,33.49,33.48,33.47,33.45,299,109,1011,3,175,0
2020-01-02 09:34:45,33.49,1209.000,4051712.000,33.5,33.53,33.54,33.55,33.56,1,7,9,2087,226,33.49,33.48,33.47,33.45,33.44,42,1011,3,175,158,0
2020-01-02 09:34:48,33.54,1790.000,5997536.000,33.54,33.55,33.56,33.57,33.58,610,1679,255,50,138,33.52,33.48,33.47,33.45,33.44,448,176,3,175,159,1
2020-01-02 09:34:51,33.49,1020.000,3418464.000,33.49,33.52,33.53,33.54,33.55,87,200,214,855,1745,33.48,33.47,33.45,33.44,33.43,146,3,173,159,177,0
2020-01-02 09:34:54,33.45,1382.000,4631456.000,33.47,33.48,33.49,33.51,33.53,11,99,1,23,45,33.45,33.44,33.43,33.42,33.41,133,159,173,10,2,0
2020-01-02 09:34:57,33.49,868.000,2906784.000,33.47,33.48,33.5,33.53,33.54,41,62,52,1,395,33.45,33.44,33.43,33.42,33.41,94,159,173,10,2,1
2020-01-02 09:35:00,33.44,462.000,1545440.000,33.44,33.45,33.48,33.49,33.5,538,101,379,150,418,33.43,33.42,33.41,33.4,33.39,156,10,2,504,417,0
2020-01-02 09:35:03,33.43,923.000,3085728.000,33.43,33.44,33.45,33.46,33.47,69,308,2260,20,38,33.4,33.39,33.38,33.37,33.36,430,414,1,201,103,0
2020-01-02 09:35:06,33.4,928.000,3100928.000,33.4,33.41,33.43,33.44,33.45,196,1,44,135,2293,33.39,33.38,33.37,33.36,33.35,414,1,201,103,17,0
2020-01-02 09:35:09,33.38,1525.000,5089408.000,33.37,33.38,33.39,33.4,33.41,4,1,1194,673,1,33.28,33.27,33.26,33.25,33.23,12,9,5,78,2420,0
2020-01-02 09:35:12,33.38,646.000,2156512.000,33.39,33.4,33.41,33.42,33.43,1284,803,1,220,224,33.38,33.37,33.28,33.27,33.26,57,145,47,9,5,1
2020-01-02 09:35:15,33.28,1354.000,4518976.000,33.38,33.39,33.4,33.41,33.42,13,375,628,2,20,33.27,33.26,33.25,33.23,33.2,67,5,78,2420,29,0
2020-01-02 09:35:18,33.36,1067.000,3556160.000,33.36,33.38,33.39,33.4,33.41,8,241,226,618,12,33.27,33.23,33.2,33.19,33.18,122,2320,29,574,103,1
2020-01-02 09:35:21,33.27,505.000,1683776.000,33.34,33.35,33.36,33.38,33.39,10,4,61,206,178,33.27,33.25,33.24,33.23,33.2,67,130,50,2396,29,0
2020-01-02 09:35:24,33.27,1031.000,3430016.000,33.36,33.38,33.39,33.4,33.41,1,232,204,613,17,33.27,33.26,33.24,33.23,33.21,51,30,54,1970,5,0
2020-01-02 09:35:27,33.34,919.000,3059808.000,33.35,33.36,33.37,33.38,33.39,3,12,5,256,264,33.34,33.29,33.28,33.27,33.26,59,11,85,11,33,1
2020-01-02 09:35:30,33.34,484.000,1612864.000,33.35,33.37,33.38,33.39,33.4,27,282,250,264,477,33.34,33.3,33.28,33.26,33.25,50,10,8,13,45,0
2020-01-02 09:35:33,33.27,363.000,1209024.000,33.27,33.3,33.34,33.35,33.36,161,1,53,131,64,33.26,33.25,33.24,33.23,33.22,13,120,110,1970,10,0
2020-01-02 09:35:36,33.3,819.000,2726944.000,33.3,33.34,33.35,33.36,33.37,507,300,143,75,290,33.29,33.28,33.27,33.26,33.25,174,89,430,13,120,1
2020-01-02 09:35:39,33.31,960.000,3197248.000,33.32,33.33,33.34,33.35,33.36,89,1,362,173,75,33.31,33.3,33.29,33.28,33.27,95,1,6,171,394,1
2020-01-02 09:35:42,33.29,392.000,1305248.000,33.29,33.3,33.31,33.32,33.33,70,49,1,105,1,33.28,33.27,33.26,33.25,33.24,132,638,6,122,22,0
2020-01-02 09:35:45,33.3,675.000,2246304.000,33.3,33.31,33.32,33.33,33.34,1007,8,105,2,408,33.29,33.27,33.26,33.25,33.24,11,288,11,98,22,1
2020-01-02 09:35:48,33.27,710.000,2362784.000,33.27,33.28,33.29,33.3,33.31,149,100,9,967,61,33.25,33.24,33.23,33.22,33.21,96,22,1970,18,5,0
2020-01-02 09:35:51,33.29,469.000,1560736.000,33.29,33.3,33.31,33.32,33.33,305,1016,60,98,32,33.27,33.26,33.25,33.24,33.23,1,9,17,18,1970,1
2020-01-02 09:35:54,33.25,681.000,2265632.000,33.29,33.3,33.31,33.32,33.33,177,1089,40,98,32,33.25,33.24,33.23,33.22,33.21,508,11,1970,28,5,0
2020-01-02 09:35:57,33.27,194.000,645696.000,33.29,33.3,33.31,33.32,33.33,90,1122,40,98,32,33.27,33.26,33.25,33.24,33.23,527,8,550,23,1970,1
2020-01-02 09:36:00,33.29,303.000,1008512.000,33.29,33.3,33.31,33.32,33.33,235,1550,40,98,46,33.28,33.27,33.26,33.25,33.24,68,430,8,575,28,1
2020-01-02 09:36:03,33.28,1432.000,4765760.000,33.28,33.29,33.3,33.31,33.32,10,242,1545,35,98,33.27,33.26,33.25,33.24,33.23,339,8,588,55,1970,0
2020-01-02 09:36:06,33.28,1096.000,3647488.000,33.28,33.29,33.3,33.31,33.32,41,24,1453,35,98,33.25,33.24,33.23,33.22,33.21,509,50,1970,28,5,1
2020-01-02 09:36:09,33.28,1141.000,3798848.000,33.28,33.29,33.3,33.31,33.32,72,11,708,28,98,33.25,33.24,33.23,33.22,33.21,462,77,1973,28,5,1
2020-01-02 09:36:12,33.28,306.000,1017728.000,33.28,33.29,33.3,33.31,33.32,365,35,711,28,98,33.26,33.25,33.24,33.23,33.22,19,308,77,1973,28,1
2020-01-02 09:36:15,33.27,734.000,2441408.000,33.27,33.28,33.29,33.3,33.31,6,338,88,1725,28,33.24,33.23,33.22,33.21,33.2,74,1973,28,5,109,0
2020-01-02 09:36:18,33.25,203.000,675072.000,33.25,33.26,33.27,33.28,33.29,5,7,120,490,93,33.24,33.23,33.22,33.21,33.2,173,1973,28,5,106,0
2020-01-02 09:36:21,33.24,937.000,3113920.000,33.24,33.25,33.26,33.27,33.28,21,218,97,147,649,33.23,33.22,33.21,33.2,33.19,1296,28,5,106,529,0
2020-01-02 09:36:25,33.24,1807.000,6006656.000,33.24,33.25,33.26,33.27,33.28,34,43,97,147,622,33.23,33.22,33.21,33.2,33.19,10,7,5,106,530,1
2020-01-02 09:36:27,33.22,353.000,1172608.000,33.22,33.23,33.24,33.25,33.26,17,575,299,69,120,33.2,33.19,33.18,33.17,33.16,71,530,123,9,137,0
2020-01-02 09:36:30,33.2,832.000,2763584.000,33.2,33.23,33.24,33.25,33.26,7,4,61,115,118,33.19,33.18,33.17,33.16,33.15,358,123,9,137,380,0
2020-01-02 09:36:33,33.2,852.000,2828416.000,33.2,33.21,33.23,33.24,33.25,6,2,5,47,77,33.19,33.18,33.17,33.16,33.15,31,123,9,137,390,1
2020-01-02 09:36:36,33.23,576.000,1913344.000,33.23,33.25,33.26,33.27,33.28,71,87,100,141,281,33.2,33.18,33.17,33.16,33.15,122,123,9,137,1032,1
2020-01-02 09:36:39,33.21,520.000,1727808.000,33.23,33.25,33.26,33.27,33.28,11,20,4,137,284,33.21,33.2,33.19,33.18,33.17,37,440,6,123,9,0
2020-01-02 09:36:42,33.23,1264.000,4202816.000,33.26,33.3,33.31,33.32,33.33,300,1660,28,37,56,33.23,33.22,33.21,33.2,33.19,181,2,37,757,6,1
2020-01-02 09:36:45,33.23,217.000,721088.000,33.26,33.27,33.3,33.31,33.32,436,15,1657,28,37,33.23,33.22,33.21,33.2,33.19,11,83,127,690,6,0
2020-01-02 09:36:48,33.23,184.000,611456.000,33.23,33.25,33.26,33.27,33.3,28,9,434,16,1663,33.22,33.21,33.2,33.18,33.17,71,177,691,123,9,0
2020-01-02 09:36:51,33.21,303.000,1006976.000,33.23,33.25,33.26,33.27,33.3,57,1,347,1,1663,33.21,33.2,33.18,33.17,33.16,59,701,125,9,140,0
2020-01-02 09:36:54,33.24,514.000,1708864.000,33.25,33.26,33.27,33.29,33.3,1,72,1,27,1658,33.24,33.23,33.22,33.21,33.2,1495,624,149,31,701,1
2020-01-02 09:36:57,33.26,325.000,1080896.000,33.29,33.3,33.31,33.32,33.33,197,1626,25,39,51,33.26,33.25,33.24,33.23,33.22,307,108,1671,622,151,1
2020-01-02 09:37:00,33.29,867.000,2885760.000,33.29,33.3,33.31,33.32,33.33,158,1298,25,39,51,33.26,33.25,33.24,33.23,33.22,122,189,1495,760,151,1
2020-01-02 09:37:03,33.29,258.000,858880.000,33.29,33.3,33.31,33.32,33.33,17,1278,24,39,52,33.26,33.25,33.24,33.23,33.22,120,748,1515,772,151,1
2020-01-02 09:37:07,33.26,261.000,868096.000,33.26,33.29,33.3,33.31,33.32,131,70,1278,24,39,33.25,33.24,33.23,33.22,33.21,1206,1518,782,51,103,0
2020-01-02 09:37:09,33.29,1251.000,4162240.000,33.29,33.3,33.31,33.32,33.33,7,981,24,39,55,33.25,33.24,33.23,33.22,33.21,844,1518,780,50,112,1
2020-01-02 09:37:12,33.29,510.000,1697152.000,33.29,33.3,33.31,33.32,33.33,30,888,24,39,55,33.27,33.26,33.25,33.24,33.23,5,115,901,1518,780,1
2020-01-02 09:37:16,33.29,159.000,529344.000,33.3,33.31,33.32,33.33,33.34,888,24,39,55,78,33.29,33.27,33.26,33.25,33.24,45,3,242,921,1518,1
2020-01-02 09:37:19,33.3,199.000,662592.000,33.3,33.31,33.32,33.33,33.34,766,24,39,55,78,33.29,33.27,33.26,33.25,33.24,315,42,258,921,1518,1
2020-01-02 09:37:21,33.29,771.000,2567168.000,33.3,33.31,33.32,33.33,33.34,355,30,39,55,78,33.29,33.27,33.26,33.25,33.24,161,42,259,921,1518,0
2020-01-02 09:37:24,33.3,1048.000,3489728.000,33.31,33.32,33.33,33.34,33.35,28,39,55,78,277,33.3,33.29,33.28,33.27,33.26,304,48,7,42,255,1
2020-01-02 09:37:27,33.3,715.000,2380800.000,33.3,33.31,33.32,33.33,33.34,6,119,41,55,78,33.29,33.28,33.27,33.26,33.25,9,6,42,170,887,0
2020-01-02 09:37:30,33.3,125.000,416192.000,33.3,33.31,33.32,33.33,33.34,29,107,39,55,79,33.27,33.26,33.25,33.24,33.23,4,173,887,1520,645,1
2020-01-02 09:37:33,33.25,530.000,1762624.000,33.26,33.27,33.28,33.29,33.3,60,18,4,142,277,33.25,33.24,33.23,33.22,33.21,727,1520,610,3,74,0
2020-01-02 09:37:36,33.29,1290.000,4289152.000,33.29,33.3,33.31,33.32,33.33,90,262,108,69,58,33.28,33.26,33.25,33.24,33.23,271,378,17,1132,610,1
2020-01-02 09:37:39,33.27,801.000,2664896.000,33.27,33.28,33.29,33.3,33.31,269,407,198,364,108,33.26,33.25,33.24,33.23,33.22,30,67,1132,608,3,0
2020-01-02 09:37:42,33.25,439.000,1459648.000,33.25,33.26,33.27,33.28,33.29,57,10,10,347,191,33.24,33.23,33.22,33.21,33.2,1104,598,3,72,722,0
2020-01-02 09:37:45,33.26,661.000,2198336.000,33.28,33.29,33.3,33.31,33.32,142,212,701,13,69,33.27,33.25,33.24,33.23,33.22,45,11,1022,598,3,1
2020-01-02 09:37:48,33.25,997.000,3314752.000,33.25,33.26,33.27,33.28,33.29,36,35,69,157,212,33.24,33.23,33.22,33.21,33.2,220,598,3,72,731,0
2020-01-02 09:37:51,33.25,276.000,917504.000,33.25,33.26,33.27,33.28,33.29,59,19,95,278,212,33.24,33.23,33.22,33.21,33.2,23,598,32,72,731,1
2020-01-02 09:37:54,33.26,397.000,1320576.000,33.28,33.29,33.3,33.31,33.32,264,212,741,13,69,33.27,33.26,33.25,33.24,33.23,1,551,180,4,598,1
2020-01-02 09:37:57,33.26,238.000,791552.000,33.27,33.28,33.29,33.3,33.31,2,353,212,747,12,33.26,33.25,33.24,33.23,33.22,331,203,8,599,32,0
2020-01-02 09:38:01,33.27,35.000,116480.000,33.27,33.28,33.29,33.3,33.31,17,245,214,768,12,33.26,33.25,33.24,33.23,33.22,343,273,17,602,50,1
2020-01-02 09:38:03,33.26,476.000,1583168.000,33.26,33.27,33.28,33.29,33.3,374,172,301,214,769,33.25,33.24,33.23,33.22,33.21,286,17,602,50,80,0
2020-01-02 09:38:06,33.25,1031.000,3429184.000,33.27,33.28,33.29,33.3,33.31,103,302,238,763,12,33.25,33.24,33.23,33.22,33.21,182,17,602,50,80,0
2020-01-02 09:38:09,33.25,578.000,1923136.000,33.26,33.27,33.28,33.29,33.3,161,3,124,238,763,33.25,33.24,33.23,33.22,33.21,251,20,602,50,80,0
2020-01-02 09:38:12,33.24,328.000,1090624.000,33.24,33.25,33.26,33.27,33.28,11,21,306,30,125,33.23,33.22,33.21,33.2,33.19,601,50,80,752,3,0
2020-01-02 09:38:15,33.23,834.000,2771392.000,33.23,33.25,33.26,33.27,33.28,188,20,330,30,125,33.22,33.21,33.2,33.19,33.18,50,80,754,3,133,0
2020-01-02 09:38:18,33.2,1364.000,4530752.000,33.2,33.23,33.25,33.26,33.27,1029,50,2,249,30,33.19,33.18,33.17,33.16,33.15,3,133,30,206,429,0
2020-01-02 09:38:21,33.2,117.000,388288.000,33.2,33.22,33.23,33.25,33.26,1130,18,57,8,249,33.18,33.17,33.16,33.15,33.14,59,30,206,429,20,1
2020-01-02 09:38:24,33.15,1313.000,4358080.000,33.18,33.2,33.21,33.22,33.23,252,224,5,33,82,33.15,33.14,33.13,33.12,33.11,419,20,4,14,81,0
2020-01-02 09:38:27,33.13,631.000,2092160.000,33.16,33.17,33.18,33.19,33.2,119,83,304,3,152,33.13,33.12,33.11,33.1,33.09,0,14,81,111,2,0
2020-01-02 09:38:30,33.15,493.000,1633792.000,33.15,33.16,33.17,33.18,33.19,799,131,83,256,4,33.11,33.1,33.09,33.08,33.07,0,111,2,10,21,1
2020-01-02 09:38:33,33.11,10.000,33088.000,33.11,33.13,33.15,33.16,33.17,3,157,1062,131,83,33.1,33.09,33.08,33.07,33.06,111,2,10,21,13,0
2020-01-02 09:38:36,33.1,593.000,1963264.000,33.1,33.11,33.12,33.13,33.15,676,10,5,27,1141,33.09,33.08,33.07,33.06,33.05,2,10,21,13,33,0
2020-01-02 09:38:39,33.1,669.000,2211136.000,33.1,33.11,33.12,33.13,33.15,755,19,5,66,1010,33,32.99,32.98,32.97,32.96,662,259,172,6,60,1
2020-01-02 09:38:42,33.09,33.000,109120.000,33.08,33.09,33.1,33.11,33.12,5,282,715,19,5,33.01,33,32.99,32.98,32.97,11,841,259,172,6,0
2020-01-02 09:38:45,33.06,696.000,2302848.000,33.08,33.1,33.11,33.12,33.13,2,453,19,5,66,33.06,33.03,33.01,33,32.99,2,479,76,831,259,0
2020-01-02 09:38:48,33.09,519.000,1717376.000,33.1,33.11,33.12,33.13,33.15,419,19,5,66,1010,33.08,33.06,33.03,33.02,33.01,50,2,2,56,94,1
2020-01-02 09:38:51,33.04,516.000,1706624.000,33.08,33.1,33.11,33.12,33.13,73,393,13,5,12,33.04,33.03,33.02,33.01,33,9,1,49,102,1847,0
2020-01-02 09:38:54,33.08,1505.000,4984512.000,33.08,33.09,33.1,33.15,33.16,326,1,6,219,1,33.04,33.03,33.02,33.01,33,84,1,49,124,1688,1
2020-01-02 09:38:57,33.06,830.000,2747520.000,33.16,33.18,33.19,33.2,33.22,1,42,1,57,21,33.06,33.04,33.03,33.02,33.01,107,84,1,49,125,0
2020-01-02 09:39:00,33.04,211.000,698368.000,33.18,33.19,33.2,33.22,33.23,42,11,57,21,34,33.05,33.04,33.03,33.02,33.01,204,594,4,149,175,0
2020-01-02 09:39:03,33.06,147.000,485888.000,33.06,33.08,33.09,33.17,33.18,93,30,36,125,51,33.05,33.04,33.03,33.02,33.01,12,604,25,149,155,1
2020-01-02 09:39:06,33.04,1190.000,3933184.000,33.04,33.05,33.08,33.09,33.17,389,2,15,16,104,33.03,33.02,33.01,33,32.99,25,154,169,1741,263,0
2020-01-02 09:39:09,33,2029.000,6700736.000,33.03,33.08,33.09,33.1,33.17,6,29,16,4,104,33,32.99,32.98,32.97,32.96,940,263,172,11,60,0
2020-01-02 09:39:12,33.06,171.000,565184.000,33.08,33.09,33.1,33.17,33.18,27,16,4,108,46,33.06,33.04,33.03,33,32.99,122,58,68,1063,267,1
2020-01-02 09:39:15,33.03,681.000,2248704.000,33.03,33.05,33.06,33.08,33.09,50,10,8,38,16,33.01,33,32.99,32.98,32.97,230,693,267,172,11,0
2020-01-02 09:39:18,33.03,879.000,2901440.000,33.03,33.04,33.05,33.06,33.08,43,20,12,208,43,33.02,33,32.99,32.98,32.97,4,329,267,172,11,1
2020-01-02 09:39:21,33,224.000,739456.000,33.01,33.03,33.04,33.05,33.06,10,62,20,12,230,33,32.99,32.98,32.97,32.96,296,270,172,11,60,0
2020-01-02 09:39:24,33,157.000,518336.000,33.01,33.03,33.04,33.05,33.06,3,35,20,12,234,33,32.99,32.98,32.97,32.96,320,270,174,11,61,0
2020-01-02 09:39:27,32.99,782.000,2580864.000,33.02,33.03,33.04,33.05,33.06,2,27,20,12,234,32.99,32.98,32.97,32.96,32.95,255,178,11,61,412,0
2020-01-02 09:39:30,33.01,407.000,1344832.000,33.01,33.02,33.03,33.06,33.07,57,76,5,291,8,33,32.99,32.98,32.97,32.96,9,272,178,11,61,1
2020-01-02 09:39:33,33.02,197.000,650240.000,33.02,33.03,33.05,33.06,33.07,43,5,1,291,8,33.01,33,32.99,32.98,32.97,1,6,251,178,20,1
2020-01-02 09:39:36,33,230.000,759040.000,33,33.01,33.02,33.03,33.05,672,3,42,5,9,32.99,32.98,32.97,32.96,32.95,172,179,20,66,412,0
2020-01-02 09:39:39,33,539.000,1778496.000,33,33.01,33.02,33.03,33.05,333,51,43,5,9,32.98,32.97,32.96,32.95,32.94,170,20,66,412,144,1
2020-01-02 09:39:42,32.99,533.000,1758720.000,32.99,33,33.01,33.02,33.03,82,184,54,43,5,32.98,32.97,32.96,32.95,32.94,101,20,66,402,144,0
2020-01-02 09:39:45,32.99,259.000,854336.000,32.99,33,33.01,33.02,33.03,231,191,54,43,5,32.98,32.97,32.96,32.95,32.94,45,26,67,423,144,1
2020-01-02 09:39:48,32.98,254.000,837824.000,32.99,33,33.01,33.02,33.03,211,203,54,50,5,32.98,32.96,32.95,32.94,32.93,18,67,423,144,214,0
2020-01-02 09:39:51,32.98,606.000,1998656.000,32.98,32.99,33,33.01,33.02,240,328,212,54,50,32.96,32.95,32.94,32.93,32.92,137,424,144,214,31,0
2020-01-02 09:39:54,32.95,403.000,1328320.000,32.97,32.98,32.99,33,33.01,70,219,304,218,54,32.95,32.94,32.93,32.92,32.91,1294,144,214,31,45,0
2020-01-02 09:39:57,32.98,620.000,2043200.000,32.98,32.99,33,33.01,33.02,215,304,221,64,50,32.97,32.96,32.95,32.94,32.93,501,110,844,144,214,1
2020-01-02 09:40:00,32.98,347.000,1144448.000,32.98,32.99,33,33.01,33.02,32,244,229,64,50,32.97,32.96,32.95,32.94,32.93,499,113,797,144,217,1
2020-01-02 09:40:03,32.99,413.000,1362240.000,32.99,33,33.01,33.02,33.03,71,238,63,50,8,32.98,32.97,32.96,32.95,32.94,3,478,13,811,145,1
2020-01-02 09:40:06,33,497.000,1639680.000,33.01,33.02,33.03,33.04,33.05,63,50,8,1,9,33,32.98,32.97,32.96,32.95,96,110,709,13,837,1
2020-01-02 09:40:09,33.01,349.000,1151488.000,33.01,33.02,33.03,33.05,33.06,15,50,8,9,85,33,32.98,32.97,32.96,32.95,193,59,289,13,885,1
2020-01-02 09:40:12,33.01,83.000,274624.000,33.02,33.03,33.05,33.06,33.07,19,8,9,28,8,33.01,33,32.99,32.98,32.97,50,378,467,59,289,1
2020-01-02 09:40:15,33.02,98.000,323520.000,33.03,33.05,33.06,33.07,33.08,8,9,28,8,61,33.02,33.01,33,32.99,32.98,53,135,296,421,118,1
2020-01-02 09:40:18,33.03,100.000,330240.000,33.05,33.06,33.07,33.08,33.09,7,26,8,55,12,33.03,33.02,33.01,33,32.99,16,582,111,298,426,1
2020-01-02 09:40:21,33.04,38.000,125568.000,33.06,33.07,33.08,33.09,33.1,32,8,55,12,38,33.04,33.03,33.02,33.01,33,10,152,772,119,378,1
2020-01-02 09:40:24,33.07,105.000,347136.000,33.08,33.09,33.1,33.12,33.16,55,12,38,10,3,33.07,33.05,33.04,33.03,33.02,10,17,56,103,833,1
2020-01-02 09:40:27,33.06,74.000,244736.000,33.08,33.09,33.1,33.12,33.16,7,12,38,10,3,33.06,33.05,33.04,33.03,33.02,68,838,191,99,806,0
2020-01-02 09:40:30,33.09,20.000,66176.000,33.1,33.12,33.14,33.16,33.17,38,10,102,23,108,33.09,33.08,33.07,33.06,33.05,34,84,1,90,1281,1
2020-01-02 09:40:33,33.08,89.000,294464.000,33.09,33.1,33.11,33.12,33.14,51,42,134,10,102,33.08,33.07,33.06,33.05,33.04,333,1,90,1257,187,0
2020-01-02 09:40:36,33.09,541.000,1789440.000,33.09,33.1,33.11,33.12,33.14,20,60,268,11,102,33.08,33.06,33.05,33.04,33.03,18,2,1253,187,111,1
2020-01-02 09:40:39,33.09,253.000,837120.000,33.1,33.11,33.12,33.14,33.16,36,279,11,102,28,33.09,33.06,33.05,33.04,33.03,12,4,1253,181,60,1
2020-01-02 09:40:42,33.1,280.000,926528.000,33.11,33.12,33.13,33.14,33.16,268,11,11,102,28,33.1,33.09,33.06,33.05,33.04,274,11,117,1253,181,1
2020-01-02 09:40:45,33.1,476.000,1575616.000,33.11,33.12,33.13,33.14,33.16,369,11,113,102,31,33.1,33.09,33.08,33.06,33.05,187,63,115,188,1263,0
2020-01-02 09:40:48,33.09,714.000,2363200.000,33.09,33.1,33.11,33.12,33.13,76,88,215,11,113,33.08,33.07,33.06,33.05,33.04,114,2,188,1263,142,0
2020-01-02 09:40:51,33.11,780.000,2581440.000,33.12,33.13,33.15,33.16,33.17,11,113,1790,31,108,33.11,33.09,33.06,33.05,33.04,96,167,193,1261,142,1
2020-01-02 09:40:54,33.11,287.000,950080.000,33.12,33.13,33.15,33.16,33.17,193,114,1790,34,108,33.11,33.09,33.07,33.06,33.05,105,133,331,193,1261,0
2020-01-02 09:40:57,33.11,443.000,1466368.000,33.11,33.12,33.13,33.15,33.16,8,222,114,1790,34,33.09,33.08,33.07,33.06,33.05,6,3,331,193,1169,0
2020-01-02 09:41:00,33.15,2506.000,8305600.000,33.16,33.17,33.18,33.19,33.2,34,108,19,485,1094,33.15,33.12,33.09,33.08,33.07,808,12,125,29,335,1
2020-01-02 09:41:03,33.1,1063.000,3522624.000,33.1,33.11,33.14,33.15,33.16,977,14,70,250,53,33.09,33.07,33.06,33.05,33.04,90,335,199,1172,43,0
2020-01-02 09:41:07,33.09,1826.000,6041216.000,33.09,33.11,33.12,33.14,33.15,66,12,1,3,143,33.05,33.04,33.03,33.02,33.01,987,43,23,81,106,0
2020-01-02 09:41:09,33.12,697.000,2305152.000,33.12,33.13,33.14,33.15,33.16,46,300,9,136,49,33.1,33.09,33.08,33.05,33.04,66,4,5,808,41,1
2020-01-02 09:41:12,33.13,269.000,890688.000,33.13,33.14,33.15,33.16,33.17,273,14,143,49,108,33.1,33.09,33.08,33.05,33.04,85,16,8,523,41,1
2020-01-02 09:41:15,33.09,318.000,1052544.000,33.09,33.13,33.14,33.15,33.16,1,231,19,144,49,33.08,33.05,33.04,33.03,33.02,5,503,41,25,81,0
2020-01-02 09:41:18,33.08,9.000,29824.000,33.09,33.1,33.11,33.12,33.13,7,303,8,10,223,33.08,33.06,33.05,33.04,33.03,43,5,505,41,25,0
2020-01-02 09:41:21,33.09,125.000,413632.000,33.1,33.11,33.12,33.13,33.14,312,10,10,231,21,33.09,33.08,33.06,33.05,33.04,147,40,5,505,41,1
2020-01-02 09:41:24,33.1,633.000,2094336.000,33.1,33.11,33.12,33.13,33.14,186,20,14,232,16,33.09,33.05,33.04,33.03,33.02,119,505,46,22,81,1
2020-01-02 09:41:27,33.09,218.000,721600.000,33.11,33.12,33.13,33.14,33.15,17,14,232,16,188,33.09,33.08,33.06,33.05,33.04,143,32,5,506,46,0
2020-01-02 09:41:30,33.1,198.000,655552.000,33.12,33.13,33.14,33.15,33.16,14,232,16,168,38,33.1,33.09,33.08,33.06,33.05,292,189,38,5,512,1
2020-01-02 09:41:33,33.1,249.000,824320.000,33.13,33.14,33.15,33.16,33.17,191,16,169,38,108,33.1,33.09,33.08,33.06,33.05,429,171,38,11,512,0
2020-01-02 09:41:36,33.11,382.000,1264768.000,33.11,33.13,33.14,33.15,33.16,592,82,16,171,38,33.1,33.09,33.08,33.06,33.05,143,329,49,12,492,1
2020-01-02 09:41:39,33.11,283.000,936960.000,33.11,33.13,33.14,33.15,33.16,364,89,36,165,38,33.1,33.09,33.08,33.06,33.05,36,342,50,12,494,1
2020-01-02 09:41:43,33.09,437.000,1446208.000,33.1,33.11,33.12,33.13,33.14,266,354,1,109,36,33.09,33.08,33.06,33.05,33.04,87,53,12,494,46,0
2020-01-02 09:41:45,33.08,436.000,1443008.000,33.09,33.1,33.11,33.12,33.13,41,57,364,1,109,33.08,33.06,33.05,33.04,33.03,49,12,494,46,22,0
2020-01-02 09:41:48,33.09,246.000,813952.000,33.09,33.1,33.11,33.12,33.13,4,44,367,1,109,33.06,33.05,33.04,33.03,33.02,12,494,46,22,41,1
2020-01-02 09:41:51,33.05,1061.000,3509760.000,33.07,33.12,33.13,33.14,33.15,10,1,114,36,57,33.05,33.04,33.03,33.02,33.01,88,46,22,41,108,0
2020-01-02 09:41:54,33.1,480.000,1587136.000,33.09,33.12,33.13,33.14,33.15,28,77,114,36,57,33.02,33.01,33,32.99,32.98,1,108,521,480,216,1
2020-01-02 09:41:57,33.09,158.000,522880.000,33.12,33.13,33.14,33.15,33.16,86,114,36,57,18,33.09,33.07,33.05,33.02,33.01,17,104,13,1,108,0
2020-01-02 09:42:00,33.07,251.000,830528.000,33.08,33.09,33.1,33.12,33.13,3,1,542,105,114,33.07,33.05,33.02,33.01,33,31,13,1,108,533,0
2020-01-02 09:42:03,33.09,61.000,201728.000,33.09,33.1,33.12,33.13,33.14,13,594,67,114,36,33.05,33.02,33.01,33,32.99,36,16,108,533,480,1
2020-01-02 09:42:06,33.05,308.000,1017856.000,33.05,33.06,33.07,33.08,33.09,248,30,2,113,35,33.02,33.01,33,32.99,32.98,85,108,536,480,216,0
2020-01-02 09:42:09,33.07,302.000,998208.000,33.07,33.08,33.09,33.1,33.11,50,114,143,608,1,33.06,33.05,33.03,33.02,33.01,505,1,1,87,144,1
2020-01-02 09:42:12,33.08,99.000,327424.000,33.08,33.09,33.1,33.11,33.12,79,50,613,2,78,33.06,33.05,33.03,33.02,33.01,708,42,1,87,112,1
2020-01-02 09:42:15,33.07,534.000,1765440.000,33.08,33.09,33.1,33.11,33.12,64,50,625,2,78,33.07,33.06,33.05,33.03,33.02,1,244,59,1,287,0
2020-01-02 09:42:18,33.09,441.000,1459392.000,33.1,33.11,33.12,33.13,33.14,380,3,98,122,27,33.09,33.08,33.07,33.06,33.05,945,500,16,202,59,1
2020-01-02 09:42:21,33.1,448.000,1482816.000,33.12,33.13,33.14,33.15,33.16,98,122,27,110,18,33.1,33.09,33.08,33.07,33.06,323,886,563,46,202,1
2020-01-02 09:42:24,33.1,587.000,1943552.000,33.11,33.13,33.14,33.15,33.16,9,41,27,110,18,33.1,33.09,33.08,33.07,33.06,34,889,563,67,202,0
2020-01-02 09:42:27,33.11,520.000,1721024.000,33.13,33.14,33.15,33.16,33.17,26,27,110,18,108,33.11,33.1,33.09,33.08,33.07,107,124,651,568,67,1
2020-01-02 09:42:30,33.13,295.000,976640.000,33.14,33.15,33.16,33.17,33.18,27,110,18,108,53,33.13,33.11,33.1,33.09,33.08,52,201,4,513,568,1
2020-01-02 09:42:33,33.11,195.000,645824.000,33.14,33.15,33.16,33.17,33.18,33,110,18,108,53,33.11,33.1,33.09,33.08,33.07,95,12,513,571,74,0
2020-01-02 09:42:36,33.11,183.000,606016.000,33.13,33.14,33.15,33.16,33.17,10,13,118,18,109,33.11,33.1,33.09,33.08,33.07,6,13,513,571,54,0
2020-01-02 09:42:39,33.1,327.000,1083328.000,33.1,33.13,33.14,33.15,33.16,54,8,260,118,18,33.09,33.08,33.07,33.06,33.05,498,571,54,200,64,0
2020-01-02 09:42:42,33.13,284.000,940928.000,33.14,33.15,33.16,33.17,33.18,63,118,18,109,53,33.13,33.11,33.09,33.08,33.07,56,126,616,571,56,1
2020-01-02 09:42:45,33.14,568.000,1880704.000,33.14,33.15,33.16,33.17,33.18,179,118,38,109,53,33.09,33.08,33.07,33.06,33.05,408,571,56,200,66,1
2020-01-02 09:42:48,33.13,157.000,520000.000,33.13,33.14,33.15,33.16,33.17,20,96,423,36,109,33.1,33.09,33.08,33.07,33.06,84,348,571,56,200,0
2020-01-02 09:42:51,33.12,355.000,1175744.000,33.12,33.13,33.14,33.15,33.16,37,6,10,423,37,33.1,33.09,33.08,33.07,33.06,457,231,571,56,200,0
2020-01-02 09:42:54,33.12,280.000,927488.000,33.13,33.14,33.15,33.16,33.17,226,67,432,47,109,33.12,33.1,33.09,33.08,33.07,2,498,241,571,56,1
2020-01-02 09:42:57,33.13,268.000,887872.000,33.14,33.15,33.16,33.17,33.18,66,433,67,117,56,33.13,33.12,33.1,33.09,33.08,83,1,547,252,571,1
2020-01-02 09:43:00,33.14,233.000,772096.000,33.15,33.16,33.17,33.18,33.19,411,67,117,56,501,33.14,33.13,33.12,33.11,33.1,148,112,2,1,559,1
2020-01-02 09:43:03,33.15,367.000,1216320.000,33.15,33.16,33.17,33.18,33.19,344,67,117,56,501,33.14,33.13,33.12,33.11,33.1,89,117,1,2,517,1
2020-01-02 09:43:06,33.14,395.000,1309312.000,33.15,33.16,33.17,33.18,33.19,103,367,117,48,501,33.14,33.13,33.12,33.11,33.1,43,110,61,3,523,0
2020-01-02 09:43:09,33.14,178.000,589888.000,33.14,33.15,33.16,33.17,33.18,55,110,370,117,48,33.13,33.12,33.11,33.1,33.09,104,63,3,503,259,0
2020-01-02 09:43:12,33.14,605.000,2004672.000,33.12,33.14,33.16,33.17,33.18,79,37,369,117,68,33.11,33.1,33.09,33.08,33.07,25,443,259,571,46,1
2020-01-02 09:43:15,33.15,256.000,848256.000,33.16,33.17,33.18,33.19,33.2,369,131,68,514,4314,33.15,33.12,33.11,33.1,33.09,119,47,25,444,259,1
2020-01-02 09:43:18,33.14,279.000,924800.000,33.14,33.15,33.16,33.17,33.18,52,420,371,131,68,33.12,33.11,33.1,33.09,33.08,255,30,473,259,572,0
2020-01-02 09:43:21,33.15,185.000,612864.000,33.15,33.16,33.17,33.18,33.19,415,371,131,68,514,33.12,33.11,33.1,33.09,33.08,155,30,473,259,509,1
2020-01-02 09:43:24,33.14,105.000,348032.000,33.14,33.15,33.16,33.17,33.18,18,450,371,131,71,33.13,33.12,33.11,33.1,33.09,39,195,30,473,258,0
2020-01-02 09:43:27,33.13,199.000,659584.000,33.14,33.15,33.16,33.17,33.18,23,332,376,140,71,33.12,33.11,33.1,33.09,33.08,188,32,473,258,509,0
2020-01-02 09:43:30,33.14,580.000,1921728.000,33.14,33.15,33.16,33.17,33.18,26,388,376,140,102,33.13,33.11,33.1,33.09,33.08,1,38,473,258,520,1
2020-01-02 09:43:33,33.13,267.000,884544.000,33.12,33.14,33.15,33.16,33.17,12,159,385,377,140,33.11,33.1,33.09,33.08,33.07,55,430,258,520,36,0
2020-01-02 09:43:36,33.12,481.000,1592448.000,33.14,33.15,33.16,33.17,33.18,213,403,377,140,102,33.12,33.1,33.09,33.08,33.07,38,130,258,520,36,0
2020-01-02 09:43:39,33.13,224.000,742208.000,33.14,33.15,33.16,33.17,33.18,116,458,375,140,102,33.13,33.1,33.09,33.08,33.07,91,149,258,520,36,1
2020-01-02 09:43:43,33.12,694.000,2300096.000,33.13,33.14,33.15,33.16,33.17,23,81,120,375,140,33.12,33.11,33.1,33.09,33.08,33,1,159,258,520,0
2020-01-02 09:43:45,33.12,274.000,907520.000,33.13,33.14,33.15,33.16,33.17,9,81,122,375,170,33.12,33.11,33.1,33.09,33.08,53,47,159,258,520,0
2020-01-02 09:43:48,33.12,136.000,450560.000,33.13,33.14,33.15,33.16,33.17,11,286,127,375,170,33.12,33.11,33.1,33.09,33.08,61,1,159,258,520,0
2020-01-02 09:43:51,33.13,89.000,294784.000,33.14,33.15,33.16,33.17,33.18,278,127,375,170,102,33.13,33.12,33.11,33.1,33.09,232,33,6,280,258,1
2020-01-02 09:43:54,33.13,84.000,278272.000,33.14,33.15,33.16,33.17,33.18,269,132,375,170,102,33.13,33.12,33.11,33.1,33.09,356,86,7,280,258,0
2020-01-02 09:43:57,33.12,663.000,2195968.000,33.12,33.13,33.14,33.15,33.16,44,15,266,133,375,33.1,33.09,33.08,33.07,33.06,142,258,520,21,221,0
2020-01-02 09:44:00,33.14,189.000,626112.000,33.14,33.15,33.16,33.17,33.18,254,129,375,170,102,33.13,33.12,33.1,33.09,33.08,48,2,325,258,520,1
2020-01-02 09:44:03,33.1,528.000,1748352.000,33.1,33.13,33.14,33.15,33.16,681,133,164,365,373,33.09,33.08,33.07,33.06,33.05,258,520,21,221,102,0
2020-01-02 09:44:06,33.13,891.000,2949888.000,33.1,33.14,33.15,33.16,33.17,6,120,367,373,170,33.09,33.08,33.07,33.06,33.05,257,556,21,221,102,1
2020-01-02 09:44:09,33.11,291.000,963008.000,33.12,33.13,33.14,33.15,33.16,2,26,13,134,373,33.11,33.1,33.09,33.08,33.07,100,74,194,520,21,0
2020-01-02 09:44:12,33.11,1086.000,3593472.000,33.12,33.13,33.14,33.15,33.16,33,37,194,134,370,33.1,33.07,33.06,33.05,33.03,7,16,221,102,5,0
2020-01-02 09:44:16,33.12,259.000,856640.000,33.11,33.12,33.13,33.14,33.15,16,17,43,210,146,33.1,33.06,33.05,33.03,33.02,120,45,117,5,310,1
2020-01-02 09:44:19,33.13,292.000,966592.000,33.13,33.14,33.15,33.16,33.17,70,214,146,370,170,33.09,33.06,33.05,33.03,33.02,52,45,119,5,310,1
2020-01-02 09:44:22,33.14,92.000,304768.000,33.14,33.15,33.16,33.17,33.18,227,146,370,170,109,33.13,33.12,33.1,33.08,33.06,10,5,25,36,45,1
2020-01-02 09:44:25,33.1,31.000,102656.000,33.12,33.13,33.14,33.15,33.16,2004,105,235,146,370,33.1,33.06,33.05,33.03,33.02,135,45,119,5,310,0
2020-01-02 09:44:27,33.1,188.000,622400.000,33.11,33.12,33.13,33.14,33.15,45,1981,96,237,148,33.1,33.06,33.05,33.03,33.02,162,45,119,5,310,0
2020-01-02 09:44:30,33.1,778.000,2576320.000,33.11,33.12,33.13,33.14,33.15,9,1456,67,233,159,33.1,33.09,33.06,33.05,33.03,94,83,45,119,5,0
2020-01-02 09:44:33,33.1,976.000,3229440.000,33.1,33.11,33.12,33.13,33.14,117,118,1381,37,232,33.07,33.05,33.03,33.02,33.01,1,18,5,310,777,0
2020-01-02 09:44:36,33.1,201.000,665344.000,33.1,33.11,33.12,33.13,33.14,79,123,1382,30,232,33.05,33.03,33.02,33.01,33,17,55,310,777,958,1
2020-01-02 09:44:39,33.04,363.000,1199104.000,33.06,33.07,33.09,33.1,33.11,1,1,34,116,141,33.04,33.03,33.02,33.01,33,40,30,73,777,954,0
2020-01-02 09:44:42,33.1,82.000,271296.000,33.1,33.11,33.12,33.13,33.14,212,141,1651,30,252,33.06,33.05,33.04,33.03,33.02,73,4,225,81,83,1
2020-01-02 09:44:45,33.06,111.000,367360.000,33.1,33.11,33.12,33.13,33.14,124,141,1651,19,235,33.06,33.05,33.04,33.03,33.02,66,3,185,30,78,0
2020-01-02 09:44:48,33.06,207.000,684352.000,33.07,33.09,33.1,33.11,33.12,5,10,95,141,1651,33.06,33.05,33.04,33.03,33.02,29,5,122,30,78,0
2020-01-02 09:44:51,33.04,134.000,443072.000,33.05,33.06,33.1,33.11,33.12,4,30,52,153,1651,33.04,33.03,33.02,33.01,33,118,30,78,777,843,0
2020-01-02 09:44:54,33.07,94.000,310720.000,33.1,33.11,33.12,33.13,33.14,467,160,1658,73,235,33.07,33.05,33.04,33.03,33.02,7,59,100,66,78,1
2020-01-02 09:44:57,33.05,617.000,2038592.000,33.06,33.07,33.09,33.1,33.11,33,13,113,486,165,33.05,33.04,33.01,33,32.99,5,1,621,1073,471,0
2020-01-02 09:45:00,33.06,60.000,198336.000,33.07,33.09,33.1,33.11,33.12,13,66,485,165,1648,33.06,33.05,33.04,33.03,33.01,36,83,1,400,591,1
2020-01-02 09:45:03,33.05,916.000,3026752.000,33.05,33.06,33.07,33.09,33.1,6,18,55,67,417,33.04,33.03,33.01,33,32.99,2,84,591,1085,471,0
2020-01-02 09:45:06,33.06,469.000,1550528.000,33.07,33.09,33.1,33.11,33.12,27,67,454,96,1648,33.06,33.04,33.03,33.02,33.01,160,440,91,5,591,1
2020-01-02 09:45:09,33.04,324.000,1071040.000,33.07,33.09,33.1,33.11,33.12,57,86,507,103,1648,33.04,33.03,33.02,33.01,33,353,235,5,591,1085,0
2020-01-02 09:45:12,33.04,135.000,446208.000,33.06,33.07,33.09,33.1,33.11,431,64,91,502,103,33.04,33.03,33.02,33.01,33,298,235,5,591,1107,0
2020-01-02 09:45:15,33.04,133.000,439616.000,33.06,33.07,33.08,33.09,33.1,444,78,1,94,502,33.04,33.03,33.02,33.01,33,252,235,5,591,1108,0
2020-01-02 09:45:18,33.04,45.000,148736.000,33.05,33.06,33.07,33.08,33.09,1,457,89,1,144,33.04,33.03,33.02,33.01,33,288,235,6,591,1109,0
2020-01-02 09:45:21,33.04,501.000,1655488.000,33.04,33.05,33.06,33.07,33.08,84,42,352,89,1,33.03,33.02,33.01,33,32.99,241,6,591,1117,471,0
2020-01-02 09:45:24,33.04,228.000,753344.000,33.04,33.06,33.07,33.08,33.09,21,344,89,1,137,33.03,33.02,33.01,33,32.99,242,6,591,1117,471,1
2020-01-02 09:45:27,33.04,137.000,452608.000,33.05,33.06,33.07,33.08,33.09,70,331,89,1,145,33.04,33.03,33.02,33.01,33,14,229,6,591,1105,1
2020-01-02 09:45:30,33.05,121.000,399936.000,33.06,33.07,33.08,33.09,33.1,306,89,1,145,514,33.04,33.03,33.02,33.01,33,6,176,6,591,1105,1
2020-01-02 09:45:33,33.04,182.000,601344.000,33.06,33.07,33.08,33.09,33.1,307,88,1,145,490,33.05,33.04,33.03,33.02,33.01,11,128,215,6,591,0
2020-01-02 09:45:36,33.04,100.000,330432.000,33.05,33.06,33.07,33.08,33.09,719,287,88,1,127,33.04,33.03,33.02,33.01,33,82,176,206,591,1101,0
2020-01-02 09:45:39,33.04,608.000,2009408.000,33.05,33.06,33.07,33.08,33.09,208,287,88,1,118,33.04,33.03,33.02,33.01,33,166,176,308,591,1602,0
2020-01-02 09:45:42,33.04,89.000,294080.000,33.05,33.06,33.07,33.08,33.09,278,287,88,1,118,33.04,33.03,33.02,33.01,33,182,187,318,636,1602,0
2020-01-02 09:45:45,33.04,234.000,773184.000,33.04,33.05,33.06,33.07,33.08,16,259,286,87,1,33.03,33.02,33.01,33,32.99,176,318,636,1603,475,0
2020-01-02 09:45:48,33,2198.000,7256576.000,33.04,33.05,33.06,33.07,33.08,24,252,286,97,1,33,32.99,32.98,32.97,32.96,908,475,137,71,43,0
2020-01-02 09:45:51,32.99,997.000,3290368.000,33,33.01,33.04,33.05,33.06,88,553,19,227,286,32.99,32.98,32.97,32.96,32.95,496,137,76,43,1449,0
2020-01-02 09:45:54,32.95,1342.000,4426624.000,33,33.03,33.04,33.05,33.06,217,6,125,219,237,32.95,32.94,32.93,32.92,32.91,1321,131,236,78,53,0
2020-01-02 09:45:57,32.97,315.000,1039424.000,32.97,32.99,33,33.01,33.04,303,3,10,3,125,32.95,32.94,32.93,32.92,32.91,1417,131,236,78,53,1
2020-01-02 09:46:00,32.97,413.000,1361536.000,33,33.01,33.04,33.05,33.06,56,3,110,134,224,32.97,32.95,32.94,32.93,32.92,76,1259,131,236,78,1
2020-01-02 09:46:03,32.95,1212.000,3994112.000,33,33.01,33.03,33.04,33.05,70,3,1,108,134,32.95,32.94,32.93,32.92,32.91,312,131,236,78,55,0
2020-01-02 09:46:06,32.97,200.000,659072.000,32.97,33,33.01,33.03,33.04,266,506,3,11,108,32.95,32.94,32.93,32.92,32.91,266,134,236,78,55,1
2020-01-02 09:46:09,32.95,150.000,494272.000,32.96,32.97,32.99,33,33.01,2,324,3,480,3,32.95,32.94,32.93,32.92,32.91,184,134,236,78,55,0
2020-01-02 09:46:12,32.96,418.000,1377344.000,32.96,32.97,32.99,33,33.01,89,7,72,496,3,32.95,32.94,32.93,32.92,32.91,175,7,236,78,55,1
2020-01-02 09:46:15,32.95,480.000,1581824.000,32.95,32.99,33,33.01,33.03,28,71,491,3,11,32.93,32.92,32.91,32.9,32.89,215,78,55,429,41,0
2020-01-02 09:46:18,32.96,290.000,955328.000,32.97,32.99,33,33.01,33.03,90,71,515,3,11,32.96,32.95,32.94,32.93,32.92,105,1,5,125,78,1
2020-01-02 09:46:21,32.96,240.000,791104.000,32.97,32.99,33,33.01,33.03,54,81,665,3,11,32.96,32.95,32.94,32.93,32.92,171,11,5,119,78,0
2020-01-02 09:46:24,32.96,192.000,632960.000,32.99,33,33.01,33.03,33.04,66,694,3,11,119,32.97,32.96,32.95,32.94,32.93,1,86,52,13,119,0
2020-01-02 09:46:27,32.97,194.000,639616.000,32.99,33,33.03,33.04,33.05,48,699,11,119,48,32.97,32.96,32.95,32.94,32.93,15,136,109,25,119,1
2020-01-02 09:46:30,32.96,328.000,1081408.000,32.99,33,33.03,33.04,33.05,10,700,12,119,48,32.96,32.95,32.94,32.93,32.92,20,109,25,119,78,0
2020-01-02 09:46:33,33,159.000,524288.000,33,33.03,33.04,33.05,33.06,688,12,119,48,64,32.99,32.97,32.96,32.95,32.94,24,10,65,149,25,1
2020-01-02 09:46:36,32.99,180.000,593664.000,33,33.02,33.03,33.04,33.05,674,210,11,119,48,32.99,32.97,32.96,32.95,32.94,70,13,115,74,35,0
2020-01-02 09:46:39,32.99,178.000,587264.000,32.99,33,33.02,33.03,33.04,5,626,210,12,119,32.98,32.97,32.96,32.95,32.94,22,33,115,74,40,0
2020-01-02 09:46:42,32.99,107.000,352960.000,33,33.02,33.03,33.04,33.05,691,210,12,119,48,32.99,32.98,32.97,32.96,32.95,3,28,65,117,74,1
2020-01-02 09:46:45,33,122.000,402560.000,33,33.02,33.03,33.04,33.05,609,210,12,119,48,32.99,32.98,32.97,32.96,32.95,49,102,33,117,75,1
2020-01-02 09:46:48,33,510.000,1682048.000,33,33.02,33.03,33.04,33.05,560,210,12,119,48,32.99,32.96,32.95,32.94,32.93,97,1,81,40,119,1
2020-01-02 09:46:51,32.95,867.000,2860928.000,32.97,33,33.02,33.03,33.04,36,1,210,12,119,32.95,32.94,32.93,32.92,32.91,51,40,119,79,76,0
2020-01-02 09:46:54,32.98,261.000,859840.000,32.99,33,33.02,33.03,33.04,57,41,210,12,144,32.97,32.95,32.93,32.92,32.91,8,12,119,85,76,1
2020-01-02 09:46:57,32.97,147.000,484800.000,32.99,33,33.01,33.02,33.03,23,43,5,210,12,32.97,32.95,32.94,32.93,32.92,26,78,10,119,85,0
2020-01-02 09:47:00,32.99,100.000,329728.000,33,33.01,33.02,33.03,33.04,46,20,210,12,144,32.99,32.98,32.97,32.96,32.95,3,7,19,26,86,1
2020-01-02 09:47:03,32.97,54.000,178112.000,32.99,33,33.01,33.02,33.03,7,3248,20,210,12,32.96,32.95,32.94,32.93,32.92,32,91,10,119,85,0
2020-01-02 09:47:06,32.99,193.000,636864.000,33,33.01,33.02,33.03,33.04,3120,20,210,12,142,32.99,32.98,32.97,32.96,32.95,84,15,3,352,150,1
2020-01-02 09:47:09,33,769.000,2537600.000,33,33.01,33.02,33.03,33.04,2410,20,210,12,142,32.99,32.98,32.97,32.96,32.95,194,15,13,352,183,1
2020-01-02 09:47:12,33,1051.000,3467904.000,32.99,33,33.01,33.02,33.03,12,1673,15,210,12,32.97,32.96,32.95,32.94,32.93,36,325,188,10,119,1
2020-01-02 09:47:15,32.99,340.000,1121152.000,32.99,33,33.01,33.02,33.03,23,1654,15,210,12,32.96,32.95,32.94,32.93,32.92,396,190,10,119,105,0
2020-01-02 09:47:18,32.96,196.000,646400.000,32.97,32.99,33,33.01,33.02,1,38,1663,15,210,32.96,32.95,32.94,32.93,32.92,358,191,21,119,105,0
2020-01-02 09:47:21,32.99,242.000,798144.000,32.99,33,33.01,33.02,33.03,90,1613,25,211,12,32.96,32.95,32.94,32.93,32.92,383,191,21,119,112,1
2020-01-02 09:47:24,32.99,124.000,408960.000,33,33.01,33.02,33.03,33.04,1641,25,211,12,142,32.99,32.98,32.97,32.96,32.95,24,10,94,386,210,1
2020-01-02 09:47:27,32.99,15.000,49472.000,33,33.01,33.02,33.03,33.04,1651,26,211,12,142,32.99,32.98,32.97,32.96,32.95,29,21,116,397,242,0
2020-01-02 09:47:30,32.98,188.000,620224.000,33,33.01,33.02,33.03,33.04,1569,26,211,12,142,32.98,32.97,32.96,32.95,32.94,65,86,404,243,26,0
2020-01-02 09:47:33,33,251.000,828032.000,33,33.01,33.02,33.03,33.04,1511,31,211,12,142,32.98,32.97,32.96,32.95,32.94,109,211,436,243,26,1
2020-01-02 09:47:36,33,167.000,550912.000,33,33.01,33.02,33.03,33.04,1483,31,211,12,142,32.98,32.97,32.96,32.95,32.94,60,240,436,248,26,1
2020-01-02 09:47:39,32.98,224.000,738944.000,33,33.01,33.02,33.03,33.04,1390,31,211,12,142,32.98,32.97,32.96,32.95,32.94,18,240,436,251,26,0
2020-01-02 09:47:42,32.98,135.000,445312.000,33,33.01,33.02,33.03,33.04,1382,31,211,12,142,32.98,32.97,32.96,32.95,32.94,196,247,303,255,26,0
2020-01-02 09:47:45,33,80.000,263104.000,33,33.01,33.02,33.03,33.04,1407,31,211,12,142,32.98,32.97,32.96,32.95,32.94,202,247,303,255,26,1
2020-01-02 09:47:48,33,1522.000,5023424.000,33.01,33.02,33.03,33.04,33.05,10,202,12,142,53,33,32.98,32.97,32.96,32.95,9,181,250,303,255,1
2020-01-02 09:47:51,32.98,447.000,1474688.000,33.01,33.02,33.03,33.04,33.05,10,202,12,142,53,33,32.98,32.97,32.96,32.95,127,31,221,303,255,0
2020-01-02 09:47:54,32.98,160.000,526336.000,33.01,33.02,33.03,33.04,33.05,100,202,12,142,53,33,32.98,32.97,32.96,32.95,75,23,221,303,255,0
2020-01-02 09:47:57,33,96.000,316800.000,33.01,33.02,33.03,33.04,33.05,95,202,12,142,53,33,32.99,32.98,32.97,32.96,317,59,26,221,288,1
2020-01-02 09:48:00,33,74.000,244288.000,33.01,33.02,33.03,33.04,33.05,48,202,12,142,69,33,32.99,32.98,32.97,32.96,417,13,27,221,288,0
2020-01-02 09:48:03,33,593.000,1956928.000,33,33.01,33.02,33.03,33.04,74,2,201,12,142,32.98,32.97,32.96,32.95,32.94,10,221,288,263,26,0
2020-01-02 09:48:06,33,129.000,425664.000,33,33.01,33.02,33.03,33.04,451,2,201,12,142,32.99,32.98,32.97,32.96,32.95,4,344,253,240,258,1
2020-01-02 09:48:09,33,137.000,452032.000,33,33.01,33.02,33.03,33.04,428,55,201,13,142,32.99,32.98,32.97,32.96,32.95,140,204,221,240,248,1
2020-01-02 09:48:12,33.02,512.000,1689664.000,33.02,33.03,33.04,33.05,33.06,197,13,142,69,36,33.01,33,32.99,32.98,32.97,141,93,144,115,221,1
2020-01-02 09:48:15,33.02,24.000,79232.000,33.02,33.03,33.04,33.05,33.06,199,17,142,69,36,33.01,33,32.99,32.98,32.97,165,174,145,122,221,1
2020-01-02 09:48:18,33.02,27.000,89152.000,33.02,33.03,33.04,33.05,33.06,199,18,142,69,36,33.01,33,32.99,32.98,32.97,154,185,139,132,123,1
2020-01-02 09:48:21,33.02,280.000,924352.000,33.02,33.03,33.04,33.05,33.06,84,18,142,72,36,33.01,33,32.99,32.98,32.97,5,459,139,132,123,1
2020-01-02 09:48:24,33.02,92.000,303808.000,33.03,33.04,33.05,33.06,33.07,35,143,72,36,30,33.02,33.01,33,32.99,32.98,42,110,459,139,132,1
2020-01-02 09:48:27,33.02,119.000,392960.000,33.03,33.04,33.05,33.06,33.07,28,143,66,36,30,33.02,33.01,33,32.99,32.98,46,105,614,91,135,0
2020-01-02 09:48:30,33.02,75.000,247680.000,33.02,33.03,33.04,33.05,33.06,1,15,118,66,36,33.01,33,32.99,32.98,32.97,155,629,134,135,124,0
2020-01-02 09:48:33,33.01,608.000,2006592.000,33.02,33.03,33.04,33.05,33.06,1044,10,118,66,36,33.01,33,32.99,32.98,32.97,14,278,134,135,224,0
2020-01-02 09:48:36,33.02,236.000,779072.000,33.02,33.03,33.04,33.05,33.06,943,10,118,66,36,33.01,33,32.99,32.98,32.97,73,205,134,135,224,1
2020-01-02 09:48:39,33.02,78.000,257536.000,33.02,33.03,33.04,33.05,33.06,976,10,118,66,36,33.01,33,32.99,32.98,32.97,78,2215,134,135,224,1
2020-01-02 09:48:42,33.01,1358.000,4484352.000,33.03,33.04,33.05,33.06,33.07,11,118,66,36,30,33.02,33,32.99,32.98,32.97,0,2046,134,121,224,0
2020-01-02 09:48:45,33.03,105.000,346560.000,33.04,33.05,33.06,33.07,33.08,117,66,36,30,132,33.03,33.02,33.01,33,32.99,44,3,102,1992,130,1
2020-01-02 09:48:48,33.04,154.000,508800.000,33.04,33.05,33.06,33.07,33.08,15,66,36,35,132,33.03,33.02,33.01,33,32.99,135,56,158,2015,84,1
2020-01-02 09:48:52,33.03,13.000,42944.000,33.04,33.05,33.06,33.07,33.08,29,71,36,35,132,33.03,33.02,33.01,33,32.99,195,154,83,2046,84,0
2020-01-02 09:48:54,33.04,90.000,297344.000,33.04,33.05,33.06,33.07,33.08,1,66,36,35,132,33.03,33.02,33.01,33,32.99,139,154,84,2053,84,1
2020-01-02 09:48:57,33.05,374.000,1235392.000,33.06,33.07,33.08,33.09,33.1,36,35,132,83,480,33.05,33.04,33.03,33.02,33.01,15,5,4,63,84,1
2020-01-02 09:49:00,33.06,54.000,178496.000,33.06,33.07,33.08,33.09,33.1,16,35,132,80,480,33.05,33.04,33.03,33.02,33.01,144,12,33,63,84,1
2020-01-02 09:49:03,33.06,205.000,677568.000,33.06,33.07,33.08,33.09,33.1,2,35,132,80,480,33.05,33.04,33.03,33.02,33.01,3,4,31,63,124,1
2020-01-02 09:49:06,33.07,28.000,92544.000,33.07,33.08,33.09,33.1,33.11,100,132,98,479,98,33.06,33.05,33.04,33.03,33.02,100,87,4,33,65,1
2020-01-02 09:49:09,33.07,42.000,138880.000,33.07,33.08,33.09,33.1,33.11,97,133,98,479,98,33.06,33.05,33.04,33.03,33.02,139,83,12,33,169,1
2020-01-02 09:49:12,33.07,146.000,482752.000,33.08,33.09,33.1,33.11,33.12,133,98,479,98,1676,33.07,33.06,33.05,33.04,33.03,19,178,188,12,33,1
2020-01-02 09:49:15,33.08,142.000,469632.000,33.08,33.09,33.1,33.11,33.12,129,116,479,98,1676,33.07,33.06,33.05,33.04,33.03,40,176,198,12,33,1
2020-01-02 09:49:18,33.08,702.000,2321024.000,33.08,33.09,33.1,33.11,33.12,56,116,480,98,1676,33.07,33.06,33.05,33.04,33.03,238,100,26,342,33,1
2020-01-02 09:49:21,33.08,331.000,1094656.000,33.08,33.09,33.1,33.11,33.12,15,116,476,98,1676,33.07,33.06,33.05,33.04,33.03,17,100,26,342,33,1
2020-01-02 09:49:24,33.07,263.000,870080.000,33.09,33.1,33.11,33.12,33.13,12,476,100,1676,48,33.07,33.06,33.05,33.04,33.03,109,163,26,342,33,0
2020-01-02 09:49:27,33.08,13.000,43008.000,33.08,33.09,33.1,33.11,33.12,72,102,478,95,1676,33.07,33.06,33.05,33.04,33.03,78,106,26,342,33,1
2020-01-02 09:49:30,33.05,589.000,1946880.000,33.05,33.07,33.08,33.09,33.1,774,48,75,104,477,33.04,33.03,33.02,33.01,33,342,33,162,215,2114,0
2020-01-02 09:49:33,33.05,96.000,317312.000,33.05,33.07,33.08,33.09,33.1,770,61,124,106,477,33.04,33.03,33.02,33.01,33,484,39,162,215,2114,1
2020-01-02 09:49:36,33.05,1150.000,3800320.000,33.05,33.07,33.08,33.09,33.1,29,70,137,120,477,33.04,33.03,33.02,33.01,33,91,40,162,215,2115,1
2020-01-02 09:49:39,33.05,176.000,581824.000,33.07,33.08,33.09,33.1,33.11,117,145,1686,477,88,33.05,33.04,33.03,33.02,33.01,433,62,40,164,216,1
2020-01-02 09:49:42,33.05,38.000,125632.000,33.06,33.07,33.08,33.09,33.1,73,154,145,1686,477,33.05,33.04,33.03,33.02,33.01,530,69,40,164,216,0
2020-01-02 09:49:45,33.05,8.000,26432.000,33.06,33.07,33.08,33.09,33.1,89,158,145,1684,178,33.05,33.04,33.03,33.02,33.01,536,72,40,164,216,0
2020-01-02 09:49:48,33.05,575.000,1900416.000,33.06,33.07,33.08,33.09,33.1,34,158,195,1684,187,33.05,33.04,33.03,33.02,33.01,34,72,40,164,216,0
2020-01-02 09:49:51,33.04,248.000,819648.000,33.05,33.06,33.07,33.08,33.09,1,96,158,197,1682,33.04,33.03,33.02,33.01,33,8,40,164,218,2126,0
2020-01-02 09:49:54,33.06,32.000,105792.000,33.06,33.07,33.08,33.09,33.1,100,157,203,1684,186,33.05,33.04,33.03,33.02,33.01,508,117,40,164,218,1
2020-01-02 09:49:57,33.06,7.000,23104.000,33.06,33.07,33.08,33.09,33.1,93,153,199,1684,186,33.05,33.04,33.03,33.02,33.01,687,611,40,164,219,1
2020-01-02 09:50:00,33.06,150.000,495872.000,33.06,33.07,33.08,33.09,33.1,32,186,180,1689,188,33.05,33.04,33.03,33.02,33.01,672,663,40,164,219,1
2020-01-02 09:50:03,33.06,72.000,238016.000,33.07,33.08,33.09,33.1,33.11,191,180,1689,188,96,33.06,33.05,33.04,33.03,33.02,252,671,663,41,164,1
2020-01-02 09:50:06,33.07,53.000,175232.000,33.07,33.08,33.09,33.1,33.11,233,182,1689,189,96,33.06,33.05,33.04,33.03,33.02,393,674,657,35,164,1
2020-01-02 09:50:10,33.07,98.000,323968.000,33.07,33.08,33.09,33.1,33.11,216,182,1689,190,96,33.06,33.05,33.04,33.03,33.02,411,674,657,35,164,1
2020-01-02 09:50:12,33.06,92.000,304192.000,33.07,33.08,33.09,33.1,33.11,163,207,1689,190,96,33.06,33.05,33.04,33.03,33.02,497,674,657,35,164,0
2020-01-02 09:50:15,33.07,104.000,343936.000,33.07,33.08,33.09,33.1,33.11,151,207,1689,190,96,33.06,33.05,33.04,33.03,33.02,464,674,657,35,157,1
2020-01-02 09:50:18,33.07,132.000,436480.000,33.07,33.08,33.09,33.1,33.11,105,207,1689,190,97,33.06,33.05,33.04,33.03,33.02,448,674,657,35,157,1
2020-01-02 09:50:22,33.07,81.000,267840.000,33.07,33.08,33.09,33.1,33.11,41,204,1689,190,97,33.06,33.05,33.04,33.03,33.02,500,677,657,35,157,1
2020-01-02 09:50:24,33.07,45.000,150336.000,33.08,33.09,33.1,33.11,33.12,209,1689,190,97,1708,33.07,33.06,33.05,33.04,33.03,45,525,679,583,37,1
2020-01-02 09:50:27,33.08,10.000,33024.000,33.08,33.09,33.1,33.11,33.12,292,1688,213,97,1708,33.07,33.06,33.05,33.04,33.03,447,363,518,560,37,1
2020-01-02 09:50:30,33.07,82.000,271232.000,33.08,33.09,33.1,33.11,33.12,244,1688,213,98,1708,33.07,33.06,33.05,33.04,33.03,440,372,518,560,37,0
2020-01-02 09:50:33,33.07,66.000,218368.000,33.08,33.09,33.1,33.11,33.12,202,1688,215,98,1708,33.07,33.06,33.05,33.04,33.03,667,362,508,560,37,0
2020-01-02 09:50:36,33.07,457.000,1511360.000,33.08,33.09,33.1,33.11,33.12,201,1688,215,98,1708,33.07,33.06,33.05,33.04,33.03,329,351,508,561,35,0
2020-01-02 09:50:39,33.08,47.000,155520.000,33.08,33.09,33.1,33.11,33.12,160,1688,215,98,1708,33.07,33.06,33.05,33.04,33.03,687,351,509,561,35,1
2020-01-02 09:50:42,33.08,217.000,717824.000,33.09,33.1,33.11,33.12,33.13,1688,215,98,1708,38,33.08,33.07,33.06,33.05,33.04,90,875,351,509,561,1
2020-01-02 09:50:45,33.06,1456.000,4813440.000,33.06,33.09,33.1,33.11,33.12,582,1694,216,98,1708,33.05,33.04,33.03,33.02,33.01,477,529,35,157,174,0
2020-01-02 09:50:48,33.09,2022.000,6690496.000,33.09,33.1,33.11,33.12,33.13,264,218,98,1708,38,33.08,33.07,33.06,33.05,33.04,1,165,27,490,529,1
2020-01-02 09:50:52,33.08,8.000,26496.000,33.08,33.09,33.1,33.11,33.12,51,392,218,98,1708,33.07,33.06,33.05,33.04,33.03,204,28,470,529,35,0
2020-01-02 09:50:54,33.07,46.000,152128.000,33.08,33.09,33.1,33.11,33.12,55,392,218,91,1709,33.07,33.06,33.05,33.04,33.03,195,38,470,529,35,0
2020-01-02 09:50:57,33.08,93.000,307648.000,33.09,33.1,33.11,33.12,33.13,385,218,92,1709,38,33.08,33.07,33.06,33.05,33.04,38,212,39,455,529,1
2020-01-02 09:51:00,33.08,108.000,357248.000,33.09,33.1,33.11,33.12,33.13,385,219,92,1709,38,33.08,33.07,33.06,33.05,33.04,4,212,39,443,530,0
2020-01-02 09:51:03,33.1,623.000,2061696.000,33.11,33.12,33.13,33.14,33.15,92,1709,38,206,187,33.1,33.08,33.07,33.06,33.05,263,102,205,39,443,1
2020-01-02 09:51:06,33.11,265.000,877184.000,33.11,33.12,33.13,33.14,33.15,90,1709,38,206,187,33.1,33.09,33.08,33.07,33.06,72,13,117,189,40,1
2020-01-02 09:51:09,33.1,164.000,542912.000,33.11,33.12,33.13,33.14,33.15,13,1709,38,206,187,33.1,33.09,33.08,33.07,33.06,16,20,79,182,40,0
2020-01-02 09:51:12,33.09,205.000,678592.000,33.1,33.11,33.12,33.13,33.14,912,22,1714,38,206,33.09,33.08,33.07,33.06,33.05,27,82,182,40,440,0
2020-01-02 09:51:15,33.09,129.000,426880.000,33.09,33.1,33.11,33.12,33.13,5,1125,24,1714,38,33.08,33.07,33.06,33.05,33.04,61,202,40,440,530,0
2020-01-02 09:51:18,33.1,150.000,496384.000,33.1,33.11,33.12,33.13,33.14,1043,20,1714,38,206,33.09,33.08,33.07,33.06,33.05,8,55,202,40,440,1
2020-01-02 09:51:21,33.09,111.000,367360.000,33.1,33.11,33.12,33.13,33.14,719,20,1714,38,206,33.09,33.08,33.07,33.06,33.05,60,75,202,13,440,0
2020-01-02 09:51:24,33.1,41.000,135680.000,33.1,33.11,33.12,33.13,33.14,1199,20,1714,38,206,33.09,33.08,33.07,33.06,33.05,104,75,202,13,440,1
2020-01-02 09:51:27,33.09,15.000,49664.000,33.1,33.11,33.12,33.13,33.14,1205,20,1714,42,206,33.09,33.08,33.07,33.06,33.05,98,75,202,13,440,0
2020-01-02 09:51:30,33.09,203.000,671872.000,33.1,33.11,33.12,33.13,33.14,1059,20,1714,42,216,33.09,33.08,33.07,33.06,33.05,84,75,202,13,440,0
2020-01-02 09:51:33,33.09,202.000,668352.000,33.09,33.1,33.11,33.12,33.13,216,1058,21,1712,42,33.07,33.06,33.05,33.04,33.03,193,13,440,530,46,0
2020-01-02 09:51:36,33.09,86.000,284608.000,33.09,33.1,33.11,33.12,33.13,137,1059,26,1712,42,33.07,33.06,33.05,33.04,33.03,356,13,440,530,46,1
2020-01-02 09:51:39,33.07,117.000,387072.000,33.09,33.1,33.11,33.12,33.13,94,1049,26,1712,42,33.07,33.06,33.05,33.04,33.03,485,13,440,530,46,0
2020-01-02 09:51:42,33.1,637.000,2107328.000,33.1,33.11,33.12,33.13,33.14,885,26,1712,42,216,33.09,33.07,33.06,33.05,33.04,6,133,23,440,530,1
2020-01-02 09:51:45,33.1,596.000,1970432.000,33.1,33.11,33.12,33.13,33.14,873,26,1712,42,216,33.09,33.05,33.04,33.03,33.02,15,42,530,46,158,1
2020-01-02 09:51:48,33.1,86.000,284544.000,33.1,33.11,33.12,33.13,33.14,884,26,1712,42,216,33.07,33.05,33.04,33.03,33.02,1,39,530,46,158,1
2020-01-02 09:51:51,33.1,37.000,122496.000,33.09,33.1,33.11,33.12,33.13,29,886,31,1712,42,33.08,33.07,33.05,33.04,33.03,1,11,39,530,46,1
2020-01-02 09:51:54,33.09,149.000,493056.000,33.09,33.1,33.11,33.12,33.13,100,876,31,1712,42,33.08,33.07,33.05,33.04,33.03,7,11,40,530,46,0
2020-01-02 09:51:57,33.09,8.000,26432.000,33.09,33.1,33.11,33.12,33.13,102,877,51,1712,42,33.08,33.07,33.06,33.05,33.04,52,11,10,40,530,1
2020-01-02 09:52:00,33.09,136.000,450048.000,33.1,33.11,33.12,33.13,33.14,879,50,1725,42,216,33.09,33.08,33.07,33.06,33.05,25,47,11,460,41,1
2020-01-02 09:52:03,33.1,118.000,390528.000,33.1,33.11,33.12,33.13,33.14,791,50,1725,42,216,33.09,33.08,33.07,33.06,33.05,19,42,11,460,41,1
2020-01-02 09:52:06,33.09,61.000,201856.000,33.1,33.11,33.12,33.13,33.14,760,59,1725,42,216,33.09,33.08,33.07,33.06,33.05,23,46,11,460,47,0
2020-01-02 09:52:09,33.1,34.000,112576.000,33.1,33.11,33.12,33.13,33.14,738,59,1725,42,216,33.09,33.08,33.07,33.06,33.05,31,46,11,460,46,1
2020-01-02 09:52:12,33.09,85.000,281280.000,33.09,33.1,33.11,33.12,33.13,3,693,59,1725,42,33.08,33.07,33.06,33.05,33.04,44,11,460,38,530,0
2020-01-02 09:52:15,33.1,77.000,254848.000,33.1,33.11,33.12,33.13,33.14,638,118,1725,57,216,33.09,33.08,33.07,33.06,33.05,106,156,12,460,38,1
2020-01-02 09:52:18,33.1,45.000,148992.000,33.1,33.11,33.12,33.13,33.14,614,118,1725,57,216,33.09,33.08,33.07,33.06,33.05,268,44,12,460,38,1
2020-01-02 09:52:21,33.09,176.000,582400.000,33.1,33.11,33.12,33.13,33.14,592,118,1725,57,212,33.09,33.08,33.07,33.06,33.05,155,52,12,460,78,0
2020-01-02 09:52:24,33.09,69.000,228352.000,33.1,33.11,33.12,33.13,33.14,569,186,1727,57,212,33.09,33.08,33.07,33.06,33.05,187,52,12,460,78,0
2020-01-02 09:52:27,33.1,262.000,867008.000,33.1,33.11,33.12,33.13,33.14,504,243,1729,64,212,33.09,33.08,33.07,33.06,33.05,329,30,12,460,78,1
2020-01-02 09:52:30,33.1,100.000,330944.000,33.1,33.11,33.12,33.13,33.14,459,243,1738,64,212,33.09,33.08,33.07,33.06,33.05,356,30,12,460,77,1
2020-01-02 09:52:33,33.09,104.000,344192.000,33.1,33.11,33.12,33.13,33.14,436,243,1738,64,212,33.09,33.08,33.07,33.06,33.05,294,30,12,460,77,0
2020-01-02 09:52:36,33.06,648.000,2143424.000,33.1,33.11,33.12,33.13,33.14,382,243,1734,64,212,33.09,33.08,33.06,33.05,33.04,4,3,215,77,530,0
2020-01-02 09:52:39,33.09,81.000,268096.000,33.09,33.1,33.11,33.12,33.13,2,317,248,1734,64,33.08,33.06,33.05,33.04,33.03,13,215,81,530,39,1
2020-01-02 09:52:42,33.08,140.000,463168.000,33.09,33.1,33.11,33.12,33.13,10,372,338,1734,64,33.08,33.06,33.05,33.04,33.03,14,215,81,530,39,0
2020-01-02 09:52:46,33.09,49.000,162112.000,33.09,33.1,33.11,33.12,33.13,35,575,338,1734,64,33.06,33.05,33.04,33.03,33.02,212,86,530,39,158,1
2020-01-02 09:52:48,33.1,136.000,449984.000,33.1,33.11,33.12,33.13,33.14,544,339,1734,64,202,33.09,33.08,33.06,33.05,33.04,18,53,344,86,530,1
2020-01-02 09:52:51,33.09,104.000,344128.000,33.1,33.11,33.12,33.13,33.14,549,339,1734,151,202,33.09,33.08,33.07,33.06,33.05,45,53,1,226,87,0
2020-01-02 09:52:54,33.09,51.000,168832.000,33.1,33.11,33.12,33.13,33.14,592,339,1733,152,202,33.09,33.08,33.07,33.06,33.05,31,53,1,226,87,0
2020-01-02 09:52:57,33.09,64.000,211776.000,33.1,33.11,33.12,33.13,33.14,570,339,1733,152,202,33.08,33.07,33.06,33.05,33.04,57,1,226,87,530,0
2020-01-02 09:53:00,33.1,149.000,493120.000,33.1,33.11,33.12,33.13,33.14,485,339,1733,152,202,33.08,33.07,33.06,33.05,33.04,43,1,226,87,530,1
2020-01-02 09:53:03,33.1,29.000,95936.000,33.1,33.11,33.12,33.13,33.14,500,339,1733,152,202,33.08,33.07,33.06,33.05,33.04,42,1,226,87,530,1
2020-01-02 09:53:07,33.06,57.000,188544.000,33.09,33.1,33.11,33.12,33.13,6,520,339,1733,152,33.06,33.05,33.04,33.03,33.02,211,87,530,21,158,0
2020-01-02 09:53:09,33.1,530.000,1754304.000,33.1,33.11,33.12,33.13,33.14,29,339,1733,152,202,33.06,33.05,33.04,33.03,33.02,212,87,530,19,158,1
2020-01-02 09:53:12,33.06,281.000,929728.000,33.11,33.12,33.13,33.14,33.15,389,1738,152,202,339,33.06,33.05,33.04,33.03,33.02,162,87,530,19,158,0
2020-01-02 09:53:15,33.09,38.000,125696.000,33.09,33.1,33.11,33.12,33.13,7,18,389,1738,152,33.06,33.05,33.04,33.03,33.02,246,87,530,19,158,1
2020-01-02 09:53:18,33.08,12.000,39680.000,33.08,33.09,33.1,33.11,33.12,5,11,23,389,1738,33.07,33.06,33.05,33.04,33.03,6,408,89,530,20,0
2020-01-02 09:53:21,33.08,267.000,882880.000,33.09,33.1,33.11,33.12,33.13,13,41,389,1738,152,33.08,33.07,33.06,33.05,33.04,47,498,294,89,530,1
2020-01-02 09:53:24,33.09,88.000,291072.000,33.1,33.11,33.12,33.13,33.14,35,389,1738,152,202,33.09,33.08,33.07,33.06,33.05,27,8,495,294,89,1
2020-01-02 09:53:27,33.09,83.000,274688.000,33.09,33.1,33.11,33.12,33.13,10,48,389,1742,152,33.08,33.07,33.06,33.05,33.04,8,492,294,89,533,0
2020-01-02 09:53:30,33.09,128.000,423296.000,33.09,33.1,33.11,33.12,33.13,12,59,389,1742,152,33.08,33.07,33.06,33.05,33.04,49,394,295,89,530,1
2020-01-02 09:53:33,33.08,207.000,684864.000,33.09,33.1,33.11,33.12,33.13,1,71,396,1742,152,33.08,33.07,33.06,33.05,33.04,95,361,301,89,531,0
2020-01-02 09:53:36,33.1,102.000,337536.000,33.1,33.11,33.12,33.13,33.14,75,404,1742,152,202,33.09,33.08,33.07,33.06,33.05,17,215,382,302,89,1
2020-01-02 09:53:39,33.1,70.000,231680.000,33.1,33.11,33.12,33.13,33.14,38,414,1742,122,202,33.09,33.08,33.07,33.06,33.05,52,222,379,302,89,1
2020-01-02 09:53:42,33.09,121.000,400384.000,33.1,33.11,33.12,33.13,33.14,31,413,1742,122,202,33.09,33.08,33.07,33.06,33.05,61,278,379,302,88,0
2020-01-02 09:53:45,33.11,107.000,354176.000,33.11,33.12,33.13,33.14,33.15,394,1739,122,202,340,33.1,33.09,33.08,33.07,33.06,7,88,288,379,312,1
2020-01-02 09:53:48,33.11,128.000,423744.000,33.11,33.12,33.13,33.14,33.15,349,1739,122,202,340,33.1,33.09,33.08,33.07,33.06,170,137,292,379,225,1
2020-01-02 09:53:51,33.11,503.000,1665536.000,33.11,33.12,33.13,33.14,33.15,65,1617,122,202,340,33.1,33.09,33.08,33.07,33.06,181,132,290,379,225,1
2020-01-02 09:53:54,33.1,422.000,1397056.000,33.1,33.12,33.13,33.14,33.15,82,1617,122,202,340,33.09,33.08,33.07,33.06,33.05,132,293,379,225,88,0
2020-01-02 09:53:57,33.1,385.000,1273856.000,33.1,33.12,33.13,33.14,33.15,19,1617,122,202,340,33.09,33.08,33.07,33.06,33.05,157,112,379,68,88,1
2020-01-02 09:54:00,33.1,165.000,546112.000,33.1,33.12,33.13,33.14,33.15,2,1595,122,203,340,33.09,33.08,33.07,33.06,33.05,151,113,379,68,76,1
2020-01-02 09:54:03,33.12,105.000,347712.000,33.12,33.13,33.14,33.15,33.16,1533,122,203,340,71,33.11,33.1,33.09,33.08,33.07,47,80,145,113,379,1
2020-01-02 09:54:06,33.11,138.000,457088.000,33.12,33.13,33.14,33.15,33.16,1410,122,203,340,71,33.11,33.1,33.09,33.08,33.07,55,166,152,140,379,0
2020-01-02 09:54:09,33.12,302.000,1000192.000,33.12,33.13,33.14,33.15,33.16,1127,122,209,340,77,33.11,33.1,33.09,33.08,33.07,66,174,146,143,379,1
2020-01-02 09:54:12,33.11,204.000,675648.000,33.12,33.13,33.14,33.15,33.16,963,127,209,340,77,33.11,33.1,33.09,33.08,33.07,183,155,146,112,379,0
2020-01-02 09:54:15,33.14,1350.000,4471680.000,33.14,33.15,33.16,33.17,33.18,101,340,71,169,91,33.12,33.11,33.1,33.09,33.08,815,187,177,146,112,1
2020-01-02 09:54:18,33.14,421.000,1395392.000,33.15,33.16,33.17,33.18,33.19,65,71,169,91,81,33.14,33.12,33.11,33.1,33.09,3,910,148,184,146,1
2020-01-02 09:54:21,33.16,155.000,513920.000,33.17,33.18,33.19,33.2,33.21,169,90,81,511,44,33.16,33.15,33.14,33.12,33.11,103,9,125,961,136,1
2020-01-02 09:54:24,33.17,147.000,487360.000,33.17,33.18,33.19,33.2,33.21,159,95,81,511,44,33.15,33.14,33.12,33.11,33.1,242,105,961,136,174,1
2020-01-02 09:54:27,33.17,112.000,371456.000,33.17,33.18,33.19,33.2,33.21,80,95,91,503,44,33.15,33.14,33.12,33.11,33.1,433,100,961,136,170,1
2020-01-02 09:54:30,33.17,251.000,832320.000,33.17,33.18,33.19,33.2,33.21,44,80,91,502,45,33.15,33.14,33.12,33.11,33.1,338,100,961,136,170,1
2020-01-02 09:54:33,33.15,12.000,39744.000,33.17,33.18,33.19,33.2,33.21,49,80,91,502,45,33.16,33.15,33.14,33.12,33.11,6,331,100,961,136,0
2020-01-02 09:54:36,33.16,31.000,102848.000,33.17,33.18,33.19,33.2,33.21,53,80,91,500,45,33.16,33.15,33.14,33.12,33.11,32,331,111,961,136,1
2020-01-02 09:54:39,33.18,195.000,646720.000,33.18,33.19,33.2,33.21,33.22,45,101,500,45,21,33.17,33.16,33.15,33.14,33.12,143,26,378,121,972,1
2020-01-02 09:54:42,33.18,50.000,165824.000,33.18,33.19,33.2,33.21,33.22,47,101,505,45,21,33.17,33.16,33.15,33.14,33.12,291,31,383,121,970,1
2020-01-02 09:54:46,33.18,17.000,56384.000,33.18,33.19,33.2,33.21,33.22,55,101,505,45,21,33.17,33.16,33.15,33.14,33.12,299,39,391,131,970,1
2020-01-02 09:54:48,33.18,124.000,411456.000,33.19,33.2,33.21,33.22,33.23,75,510,45,21,42,33.18,33.17,33.16,33.15,33.14,61,307,45,398,131,1
2020-01-02 09:54:51,33.19,8.000,26560.000,33.19,33.2,33.21,33.22,33.23,78,510,45,21,42,33.18,33.17,33.16,33.15,33.14,335,184,19,398,131,1
2020-01-02 09:54:55,33.19,103.000,341824.000,33.19,33.2,33.21,33.22,33.23,51,490,45,21,42,33.18,33.17,33.16,33.15,33.14,456,299,29,399,136,1
2020-01-02 09:54:57,33.19,67.000,222336.000,33.2,33.21,33.22,33.23,33.24,490,45,22,42,14,33.19,33.18,33.17,33.16,33.15,29,464,299,29,382,1
2020-01-02 09:55:00,33.2,418.000,1387456.000,33.2,33.21,33.22,33.23,33.24,466,44,22,42,14,33.19,33.18,33.17,33.16,33.15,244,461,294,29,382,1
2020-01-02 09:55:03,33.19,255.000,846592.000,33.2,33.21,33.22,33.23,33.24,288,44,22,42,14,33.19,33.18,33.17,33.16,33.15,361,463,294,29,382,0
2020-01-02 09:55:06,33.22,908.000,3017536.000,33.27,33.28,33.29,33.3,33.31,20,277,110,1166,15,33.22,33.2,33.19,33.18,33.17,255,316,282,471,294,1
2020-01-02 09:55:09,33.27,75.000,249472.000,33.28,33.29,33.3,33.31,33.32,282,110,1166,15,51,33.27,33.25,33.22,33.21,33.2,66,493,324,6,236,1
2020-01-02 09:55:12,33.25,183.000,608768.000,33.28,33.29,33.3,33.31,33.32,216,104,1166,15,51,33.25,33.22,33.21,33.2,33.19,483,319,6,225,337,0
2020-01-02 09:55:15,33.31,1631.000,5430336.000,33.32,33.33,33.34,33.35,33.36,51,267,49,827,50,33.31,33.3,33.28,33.27,33.25,15,1498,5,122,389,1
2020-01-02 09:55:18,33.32,109.000,363136.000,33.32,33.33,33.34,33.35,33.36,55,264,49,827,50,33.31,33.3,33.29,33.28,33.27,118,2498,5,14,54,1
2020-01-02 09:55:21,33.35,707.000,2356480.000,33.35,33.36,33.37,33.38,33.39,657,50,44,154,91,33.31,33.3,33.29,33.28,33.27,108,3585,5,12,54,1
2020-01-02 09:55:24,33.34,12.000,40000.000,33.35,33.36,33.37,33.38,33.39,661,57,51,154,91,33.34,33.32,33.31,33.3,33.29,6,131,39,3585,5,0
2020-01-02 09:55:27,33.35,451.000,1504000.000,33.35,33.36,33.37,33.38,33.39,249,57,51,154,91,33.34,33.33,33.32,33.31,33.3,22,49,120,39,3591,1
2020-01-02 09:55:30,33.34,328.000,1093824.000,33.35,33.36,33.37,33.38,33.39,4,49,45,154,436,33.34,33.33,33.32,33.31,33.3,67,48,138,39,3591,0
2020-01-02 09:55:33,33.35,185.000,614912.000,33.35,33.36,33.37,33.38,33.39,238,49,45,158,439,33.34,33.33,33.32,33.31,33.3,79,54,140,39,3509,1
2020-01-02 09:55:36,33.33,179.000,598784.000,33.34,33.35,33.36,33.37,33.38,63,257,55,45,159,33.33,33.32,33.31,33.3,33.29,26,140,39,3513,5,0
2020-01-02 09:55:40,33.35,470.000,1565184.000,33.36,33.37,33.38,33.39,33.4,49,55,156,459,393,33.35,33.34,33.33,33.32,33.31,17,5,5,126,39,1
2020-01-02 09:55:42,33.35,706.000,2358144.000,33.39,33.4,33.41,33.42,33.43,206,393,44,25,65,33.35,33.33,33.32,33.31,33.3,9,44,127,35,3506,0
2020-01-02 09:55:46,33.34,153.000,510336.000,33.34,33.35,33.36,33.37,33.38,209,2,1,2,12,33.33,33.32,33.31,33.3,33.29,44,116,35,13,5,0
2020-01-02 09:55:48,33.32,398.000,1326976.000,33.35,33.36,33.37,33.38,33.39,135,1,2,27,285,33.33,33.32,33.31,33.3,33.29,10,96,35,13,5,0
2020-01-02 09:55:51,33.33,203.000,676800.000,33.34,33.35,33.36,33.37,33.38,5,90,30,2,33,33.32,33.31,33.3,33.29,33.28,96,35,13,5,10,1
2020-01-02 09:55:54,33.3,174.000,579648.000,33.3,33.32,33.33,33.34,33.35,270,3,1,10,395,33.29,33.28,33.25,33.22,33.2,5,10,386,262,224,0
2020-01-02 09:55:58,33.3,289.000,962368.000,33.3,33.32,33.33,33.34,33.35,11,13,121,30,466,33.28,33.25,33.22,33.2,33.19,9,386,262,224,326,1
2020-01-02 09:56:01,33.32,24.000,79936.000,33.32,33.33,33.34,33.35,33.36,20,28,40,466,30,33.29,33.28,33.25,33.23,33.22,10,9,386,23,262,1
2020-01-02 09:56:03,33.29,93.000,309632.000,33.3,33.31,33.32,33.33,33.34,100,2,27,28,362,33.29,33.28,33.25,33.23,33.22,100,9,386,26,262,0
2020-01-02 09:56:06,33.3,244.000,812416.000,33.3,33.31,33.32,33.33,33.34,6,2,187,328,362,33.28,33.25,33.23,33.22,33.2,6,386,26,262,223,1
2020-01-02 09:56:09,33.29,51.000,169792.000,33.3,33.31,33.32,33.33,33.34,117,2,237,348,362,33.29,33.28,33.25,33.23,33.22,11,11,386,26,262,0
2020-01-02 09:56:12,33.29,108.000,359552.000,33.29,33.3,33.31,33.32,33.33,128,160,2,245,650,33.28,33.25,33.23,33.22,33.2,97,440,26,262,223,0
2020-01-02 09:56:16,33.29,219.000,728896.000,33.28,33.29,33.3,33.31,33.32,150,96,135,478,240,33.25,33.23,33.22,33.2,33.19,443,26,262,223,279,1
2020-01-02 09:56:18,33.29,237.000,788864.000,33.29,33.3,33.31,33.32,33.33,49,187,478,240,652,33.25,33.23,33.22,33.2,33.19,595,26,262,223,279,1
2020-01-02 09:56:21,33.25,437.000,1453056.000,33.28,33.29,33.3,33.31,33.32,1266,213,205,478,240,33.25,33.23,33.22,33.2,33.19,176,48,262,223,279,0
2020-01-02 09:56:24,33.28,169.000,562176.000,33.27,33.28,33.29,33.3,33.31,3,1218,229,209,480,33.26,33.25,33.23,33.22,33.2,6,73,48,262,223,1
2020-01-02 09:56:27,33.23,191.000,635200.000,33.25,33.27,33.28,33.29,33.3,154,11,1181,221,210,33.23,33.22,33.2,33.19,33.18,46,262,223,279,23,0
2020-01-02 09:56:31,33.22,396.000,1315776.000,33.22,33.24,33.25,33.27,33.28,678,8,96,49,1185,33.2,33.19,33.18,33.17,33.16,222,279,23,237,5,0
2020-01-02 09:56:33,33.2,334.000,1109568.000,33.22,33.23,33.24,33.25,33.27,363,1,9,95,52,33.2,33.19,33.18,33.17,33.16,324,279,25,122,5,0
2020-01-02 09:56:37,33.2,309.000,1026368.000,33.22,33.23,33.24,33.25,33.26,112,1,9,95,5,33.2,33.19,33.18,33.17,33.16,450,279,25,122,5,0
2020-01-02 09:56:39,33.2,876.000,2908480.000,33.2,33.22,33.23,33.24,33.25,781,118,1,9,16,33.19,33.18,33.17,33.16,33.15,259,25,122,5,211,0
2020-01-02 09:56:42,33.19,93.000,308800.000,33.2,33.22,33.23,33.24,33.25,748,121,1,9,17,33.19,33.18,33.17,33.16,33.15,287,25,122,5,216,0
2020-01-02 09:56:46,33.19,224.000,743488.000,33.2,33.22,33.23,33.24,33.25,831,121,11,9,25,33.19,33.18,33.17,33.16,33.15,142,25,122,5,216,0
2020-01-02 09:56:48,33.19,737.000,2446720.000,33.2,33.22,33.23,33.24,33.25,203,127,11,9,25,33.19,33.18,33.17,33.16,33.15,32,25,122,5,216,0
2020-01-02 09:56:51,33.2,408.000,1354432.000,33.22,33.23,33.24,33.25,33.27,95,11,9,25,51,33.2,33.19,33.18,33.17,33.16,791,52,31,122,5,1
2020-01-02 09:56:54,33.2,178.000,591040.000,33.22,33.23,33.24,33.25,33.26,78,21,13,27,8,33.2,33.19,33.18,33.17,33.16,1649,30,31,122,5,0
2020-01-02 09:56:57,33.24,163.000,541504.000,33.25,33.26,33.27,33.28,33.29,28,3,58,1216,114,33.24,33.2,33.19,33.18,33.17,199,1703,28,31,122,1
2020-01-02 09:57:00,33.22,354.000,1176128.000,33.23,33.24,33.25,33.26,33.27,20,8,43,3,57,33.22,33.21,33.2,33.19,33.18,7,17,1562,28,31,0
2020-01-02 09:57:04,33.21,122.000,405504.000,33.26,33.27,33.28,33.29,33.3,5,58,1216,114,325,33.21,33.2,33.19,33.18,33.17,3,1572,28,31,122,0
2020-01-02 09:57:06,33.27,401.000,1332160.000,33.27,33.28,33.29,33.3,33.31,54,1216,114,325,2,33.22,33.2,33.19,33.18,33.17,2,1479,28,31,122,1
2020-01-02 09:57:09,33.28,93.000,309248.000,33.22,33.27,33.28,33.29,33.3,26,4,1208,114,325,33.2,33.19,33.18,33.17,33.16,1475,28,31,122,5,1
2020-01-02 09:57:12,33.2,1548.000,5139776.000,33.22,33.23,33.28,33.29,33.3,19,30,1208,114,329,33.2,33.19,33.18,33.17,33.16,85,28,31,122,5,0
2020-01-02 09:57:16,33.27,109.000,362176.000,33.28,33.29,33.3,33.31,33.32,73,112,329,2,65,33.27,33.22,33.2,33.19,33.18,210,4,90,28,31,1
2020-01-02 09:57:18,33.22,239.000,795136.000,33.26,33.27,33.28,33.29,33.3,107,13,156,111,351,33.22,33.21,33.2,33.19,33.18,19,5,106,24,31,0
2020-01-02 09:57:21,33.27,838.000,2788416.000,33.27,33.28,33.3,33.31,33.32,483,100,232,2,65,33.22,33.21,33.2,33.19,33.18,19,5,106,24,31,1
2020-01-02 09:57:24,33.27,120.000,399168.000,33.27,33.28,33.3,33.31,33.32,15,113,267,2,70,33.26,33.25,33.23,33.22,33.21,4,51,5,16,5,1
2020-01-02 09:57:27,33.27,56.000,186176.000,33.26,33.27,33.28,33.29,33.3,2,18,118,2,267,33.25,33.23,33.22,33.21,33.2,9,10,22,8,109,1
2020-01-02 09:57:30,33.26,428.000,1424832.000,33.26,33.27,33.3,33.31,33.32,170,72,26,2,70,33.25,33.23,33.22,33.21,33.2,12,10,19,8,122,0
2020-01-02 09:57:33,33.26,86.000,286016.000,33.26,33.27,33.3,33.31,33.32,111,82,26,2,70,33.25,33.23,33.22,33.21,33.2,5,10,23,8,122,1
2020-01-02 09:57:36,33.25,111.000,369152.000,33.26,33.27,33.28,33.3,33.31,38,82,139,29,2,33.25,33.22,33.21,33.2,33.19,63,23,8,122,14,0
2020-01-02 09:57:39,33.25,209.000,695296.000,33.26,33.27,33.28,33.3,33.31,1,15,84,32,2,33.25,33.22,33.21,33.2,33.19,195,23,8,122,31,0
2020-01-02 09:57:42,33.27,44.000,146368.000,33.27,33.28,33.3,33.31,33.32,12,84,32,2,80,33.26,33.25,33.23,33.22,33.21,35,207,33,23,8,1
2020-01-02 09:57:45,33.27,469.000,1560704.000,33.31,33.32,33.33,33.34,33.35,2,80,659,384,659,33.27,33.25,33.23,33.22,33.21,47,203,33,23,8,1
2020-01-02 09:57:48,33.29,83.000,276160.000,33.3,33.31,33.32,33.33,33.34,10,12,88,659,384,33.29,33.27,33.25,33.23,33.22,5,9,199,33,23,1
2020-01-02 09:57:51,33.27,45.000,149824.000,33.27,33.3,33.32,33.33,33.34,138,10,88,659,384,33.25,33.23,33.22,33.21,33.2,199,33,23,8,123,0
2020-01-02 09:57:54,33.25,446.000,1483520.000,33.27,33.29,33.3,33.32,33.33,4,3,3,98,659,33.25,33.23,33.22,33.21,33.2,47,33,23,8,123,0
2020-01-02 09:57:57,33.29,63.000,209536.000,33.29,33.3,33.32,33.33,33.34,4,3,107,661,384,33.27,33.26,33.25,33.23,33.22,99,54,165,33,23,1
2020-01-02 09:58:00,33.29,60.000,199680.000,33.29,33.3,33.31,33.32,33.33,23,3,6,226,661,33.27,33.26,33.25,33.23,33.22,54,72,168,33,23,1
2020-01-02 09:58:04,33.27,479.000,1594816.000,33.27,33.3,33.31,33.32,33.33,79,19,5,300,661,33.26,33.25,33.23,33.22,33.21,74,168,33,23,8,0
2020-01-02 09:58:06,33.27,110.000,365888.000,33.27,33.29,33.3,33.31,33.32,24,50,30,65,300,33.26,33.25,33.23,33.22,33.21,41,168,33,23,8,1
2020-01-02 09:58:09,33.3,180.000,599040.000,33.31,33.32,33.33,33.34,33.35,172,301,660,384,719,33.3,33.27,33.26,33.25,33.23,278,39,1,168,33,1
2020-01-02 09:58:12,33.3,392.000,1305152.000,33.31,33.32,33.33,33.34,33.35,182,301,660,390,719,33.3,33.29,33.27,33.26,33.25,2,61,1,54,168,0
2020-01-02 09:58:15,33.3,60.000,199808.000,33.3,33.31,33.32,33.33,33.34,152,375,301,660,390,33.29,33.27,33.26,33.25,33.23,33,1,54,168,33,0
2020-01-02 09:58:18,33.27,222.000,739200.000,33.3,33.31,33.32,33.33,33.34,10,347,301,664,390,33.27,33.26,33.25,33.23,33.22,12,54,168,33,23,0
2020-01-02 09:58:21,33.3,174.000,579392.000,33.31,33.32,33.33,33.34,33.35,392,301,664,399,719,33.3,33.28,33.27,33.26,33.25,7,6,3,79,168,1
2020-01-02 09:58:24,33.31,227.000,755840.000,33.31,33.32,33.33,33.34,33.35,371,301,664,395,1021,33.26,33.25,33.23,33.22,33.21,77,169,33,23,3,1
2020-01-02 09:58:27,33.29,175.000,582784.000,33.29,33.3,33.31,33.32,33.33,14,60,389,301,664,33.26,33.25,33.23,33.22,33.21,100,69,33,23,3,0
2020-01-02 09:58:30,33.26,180.000,598912.000,33.26,33.3,33.31,33.32,33.33,159,105,431,305,664,33.25,33.23,33.22,33.21,33.2,70,33,19,3,151,0
2020-01-02 09:58:33,33.3,244.000,811520.000,33.3,33.31,33.32,33.33,33.34,152,430,305,664,395,33.23,33.22,33.21,33.2,33.19,33,19,3,119,30,1
2020-01-02 09:58:36,33.3,102.000,339328.000,33.3,33.31,33.32,33.33,33.34,113,569,297,664,399,33.23,33.22,33.21,33.2,33.19,98,19,3,127,30,1
2020-01-02 09:58:39,33.3,102.000,339584.000,33.3,33.31,33.32,33.33,33.34,92,610,297,664,399,33.23,33.22,33.21,33.2,33.19,162,19,3,127,30,1
2020-01-02 09:58:42,33.25,273.000,909056.000,33.25,33.31,33.32,33.33,33.34,9,559,297,664,399,33.23,33.22,33.21,33.2,33.19,218,19,353,73,30,0
2020-01-02 09:58:45,33.23,186.000,619008.000,33.31,33.32,33.33,33.34,33.35,542,299,664,398,1021,33.23,33.22,33.21,33.2,33.19,239,19,353,73,30,0
2020-01-02 09:58:48,33.31,299.000,995840.000,33.31,33.32,33.33,33.34,33.35,325,299,664,405,1021,33.25,33.23,33.22,33.21,33.2,143,244,19,356,73,1
2020-01-02 09:58:51,33.25,363.000,1208576.000,33.3,33.31,33.32,33.33,33.34,100,80,299,661,406,33.26,33.25,33.23,33.22,33.21,6,69,244,21,356,0
2020-01-02 09:58:54,33.25,129.000,429312.000,33.3,33.31,33.32,33.33,33.34,277,173,299,661,406,33.25,33.23,33.22,33.21,33.2,36,236,25,356,73,0
2020-01-02 09:58:57,33.25,389.000,1294848.000,33.28,33.29,33.3,33.31,33.32,10,1,48,202,300,33.25,33.23,33.22,33.21,33.2,13,340,25,356,74,0
2020-01-02 09:59:00,33.28,66.000,219648.000,33.29,33.3,33.31,33.32,33.33,1,49,345,300,665,33.28,33.25,33.24,33.23,33.22,11,74,20,340,25,1
2020-01-02 09:59:03,33.29,24.000,79872.000,33.3,33.31,33.32,33.33,33.34,56,341,300,665,406,33.29,33.28,33.25,33.24,33.23,48,22,76,23,339,1
2020-01-02 09:59:06,33.31,269.000,895872.000,33.3,33.31,33.32,33.33,33.34,5,219,306,665,406,33.29,33.28,33.25,33.24,33.23,112,22,79,23,339,1
2020-01-02 09:59:09,33.29,182.000,605952.000,33.3,33.31,33.32,33.33,33.34,302,217,306,665,406,33.29,33.28,33.25,33.24,33.23,1,22,79,23,339,0
2020-01-02 09:59:12,33.3,187.000,622720.000,33.3,33.31,33.32,33.33,33.34,459,217,307,669,406,33.29,33.28,33.25,33.24,33.23,112,27,79,23,270,1
2020-01-02 09:59:15,33.3,564.000,1878016.000,33.31,33.32,33.33,33.34,33.35,222,307,669,406,1055,33.3,33.29,33.28,33.25,33.24,645,34,27,84,23,1
2020-01-02 09:59:18,33.31,170.000,566144.000,33.31,33.32,33.33,33.34,33.35,198,337,669,412,1065,33.3,33.29,33.28,33.25,33.24,639,37,27,84,23,1
2020-01-02 09:59:21,33.31,246.000,819328.000,33.31,33.32,33.33,33.34,33.35,104,337,747,412,1062,33.3,33.29,33.28,33.25,33.24,507,43,59,84,23,1
2020-01-02 09:59:24,33.31,332.000,1106048.000,33.32,33.33,33.34,33.35,33.36,132,748,405,1062,32,33.31,33.3,33.29,33.28,33.25,40,513,152,59,85,1
2020-01-02 09:59:27,33.31,75.000,249856.000,33.32,33.33,33.34,33.35,33.36,113,750,405,1069,32,33.31,33.3,33.29,33.28,33.25,215,508,152,59,85,0
2020-01-02 09:59:30,33.33,520.000,1732736.000,33.33,33.34,33.35,33.36,33.37,470,405,1064,32,5,33.31,33.3,33.29,33.28,33.25,225,508,152,59,17,1
2020-01-02 09:59:33,33.32,29.000,96768.000,33.33,33.34,33.35,33.36,33.37,474,406,1064,38,5,33.32,33.31,33.3,33.29,33.28,30,235,508,152,43,0
2020-01-02 09:59:36,33.34,697.000,2323200.000,33.34,33.35,33.36,33.37,33.38,219,1064,38,5,805,33.33,33.32,33.31,33.3,33.29,29,106,228,461,152,1
2020-01-02 09:59:39,33.33,170.000,566656.000,33.34,33.35,33.36,33.37,33.38,127,1066,38,5,808,33.33,33.32,33.31,33.3,33.29,96,153,233,461,152,0
2020-01-02 09:59:42,33.34,53.000,176768.000,33.34,33.35,33.36,33.37,33.38,107,1077,38,5,808,33.33,33.32,33.31,33.3,33.29,218,145,181,433,140,1
2020-01-02 09:59:45,33.33,285.000,950272.000,33.35,33.36,33.37,33.38,33.39,943,38,5,806,330,33.33,33.32,33.31,33.3,33.29,215,150,181,443,140,0
2020-01-02 09:59:48,33.34,98.000,326784.000,33.35,33.36,33.37,33.38,33.39,828,38,5,806,330,33.34,33.33,33.32,33.31,33.3,117,220,155,181,433,1
2020-01-02 09:59:51,33.34,269.000,897152.000,33.35,33.36,33.37,33.38,33.39,596,38,5,806,330,33.34,33.33,33.32,33.31,33.3,96,212,160,121,433,0
2020-01-02 09:59:54,33.35,364.000,1213952.000,33.35,33.36,33.37,33.38,33.39,240,38,6,806,330,33.34,33.33,33.32,33.31,33.3,187,212,121,92,473,1
2020-01-02 09:59:57,33.35,325.000,1083776.000,33.36,33.37,33.38,33.39,33.4,32,6,406,324,920,33.34,33.33,33.32,33.31,33.3,230,212,121,92,474,1
2020-01-02 10:00:00,33.38,390.000,1301248.000,33.38,33.39,33.4,33.41,33.42,279,324,920,56,57,33.35,33.34,33.33,33.32,33.31,444,248,212,121,92,1
2020-01-02 10:00:03,33.37,35.000,116736.000,33.37,33.38,33.39,33.4,33.41,1,287,324,922,56,33.36,33.35,33.34,33.33,33.32,35,579,142,210,121,0
2020-01-02 10:00:06,33.36,45.000,150144.000,33.37,33.38,33.39,33.4,33.41,4,288,319,926,56,33.36,33.35,33.34,33.33,33.32,101,1100,142,129,80,0
2020-01-02 10:00:09,33.37,289.000,964608.000,33.38,33.39,33.4,33.41,33.42,12,324,925,56,57,33.37,33.36,33.35,33.34,33.33,68,126,1134,142,129,1
2020-01-02 10:00:12,33.37,167.000,557312.000,33.38,33.39,33.4,33.41,33.42,9,324,925,56,27,33.37,33.36,33.35,33.34,33.33,165,192,1136,113,85,0
2020-01-02 10:00:15,33.37,52.000,173568.000,33.38,33.39,33.4,33.41,33.42,4,323,975,56,27,33.37,33.36,33.35,33.34,33.33,172,194,1136,113,82,0
2020-01-02 10:00:18,33.36,441.000,1471872.000,33.38,33.39,33.4,33.41,33.42,99,164,975,47,27,33.36,33.35,33.34,33.33,33.32,106,1136,113,82,80,0
2020-01-02 10:00:21,33.35,1443.000,4813056.000,33.35,33.38,33.39,33.4,33.41,423,1,151,975,47,33.34,33.33,33.32,33.31,33.3,113,82,80,47,468,0
2020-01-02 10:00:24,33.39,711.000,2371584.000,33.39,33.4,33.41,33.42,33.43,104,976,47,27,83,33.34,33.33,33.32,33.31,33.3,3,82,80,47,468,1
2020-01-02 10:00:27,33.34,125.000,417024.000,33.34,33.36,33.38,33.39,33.4,271,51,1,119,986,33.33,33.32,33.31,33.3,33.29,70,82,47,468,107,0
2020-01-02 10:00:30,33.36,744.000,2482304.000,33.38,33.39,33.4,33.41,33.42,21,4,902,47,27,33.33,33.32,33.31,33.3,33.29,18,82,35,468,107,1
2020-01-02 10:00:33,33.4,811.000,2703616.000,33.4,33.41,33.42,33.43,33.44,750,47,27,83,132,33.3,33.29,33.28,33.25,33.24,173,107,34,20,23,1
2020-01-02 10:00:36,33.36,5.000,16640.000,33.36,33.37,33.39,33.4,33.41,16,141,119,748,38,33.34,33.33,33.3,33.29,33.28,27,2,348,107,34,0
2020-01-02 10:00:39,33.4,871.000,2908288.000,33.38,33.39,33.4,33.41,33.42,50,2,218,46,27,33.35,33.3,33.29,33.28,33.25,1,449,107,34,20,1
2020-01-02 10:00:42,33.3,845.000,2817920.000,33.4,33.41,33.42,33.43,33.44,219,46,32,76,132,33.3,33.29,33.28,33.25,33.24,162,112,34,20,23,0
2020-01-02 10:00:45,33.37,34.000,113408.000,33.37,33.39,33.4,33.41,33.42,187,18,256,46,32,33.36,33.35,33.31,33.3,33.29,61,3,31,166,112,1
2020-01-02 10:00:48,33.39,395.000,1318144.000,33.39,33.4,33.41,33.42,33.43,89,296,46,32,176,33.35,33.32,33.31,33.3,33.29,200,3,31,179,112,1
2020-01-02 10:00:54,33.38,210.000,701056.000,33.39,33.4,33.41,33.42,33.43,280,608,46,32,176,33.38,33.37,33.36,33.35,33.33,11,88,6,204,100,0
2020-01-02 10:00:57,33.4,791.000,2641536.000,33.4,33.41,33.42,33.43,33.44,464,46,32,176,148,33.38,33.37,33.36,33.35,33.32,5,60,6,200,3,1
2020-01-02 10:01:00,33.38,152.000,507392.000,33.39,33.4,33.41,33.42,33.43,24,405,46,32,184,33.38,33.36,33.35,33.32,33.31,25,7,200,3,31,0
2020-01-02 10:01:03,33.35,340.000,1135232.000,33.4,33.41,33.42,33.43,33.44,631,46,42,184,148,33.35,33.32,33.31,33.3,33.29,153,3,31,196,112,0
2020-01-02 10:01:06,33.35,449.000,1499008.000,33.35,33.38,33.39,33.4,33.41,402,12,1,364,46,33.32,33.31,33.3,33.29,33.28,3,31,196,112,34,0
2020-01-02 10:01:09,33.35,45.000,150016.000,33.34,33.35,33.38,33.39,33.4,1,359,16,301,384,33.32,33.31,33.3,33.29,33.28,5,31,204,112,34,1
2020-01-02 10:01:12,33.35,252.000,840448.000,33.34,33.35,33.38,33.39,33.4,1,110,116,720,398,33.33,33.32,33.31,33.3,33.29,2,7,31,192,112,1
2020-01-02 10:01:15,33.35,51.000,170112.000,33.35,33.38,33.39,33.4,33.41,93,420,743,402,46,33.34,33.33,33.32,33.31,33.3,59,5,18,31,209,1
2020-01-02 10:01:18,33.35,145.000,483328.000,33.35,33.38,33.39,33.4,33.41,77,420,743,500,46,33.32,33.31,33.3,33.29,33.28,9,31,212,112,34,1
2020-01-02 10:01:21,33.36,549.000,1830784.000,33.34,33.37,33.38,33.39,33.4,44,305,434,744,510,33.32,33.31,33.3,33.29,33.28,47,31,212,112,34,1
2020-01-02 10:01:24,33.32,2.000,6656.000,33.34,33.35,33.37,33.38,33.39,45,30,305,434,746,33.32,33.31,33.3,33.29,33.28,46,31,212,112,34,0
2020-01-02 10:01:28,33.29,467.000,1556480.000,33.3,33.32,33.33,33.34,33.35,137,1,11,22,33,33.29,33.28,33.25,33.24,33.23,110,34,63,23,63,0
2020-01-02 10:01:30,33.29,254.000,845952.000,33.3,33.34,33.35,33.36,33.37,115,25,46,3,306,33.29,33.28,33.25,33.24,33.23,86,34,63,23,20,0
2020-01-02 10:01:33,33.3,153.000,509440.000,33.29,33.3,33.32,33.34,33.35,100,96,3,23,96,33.28,33.25,33.24,33.23,33.21,30,63,23,20,389,1
2020-01-02 10:01:36,33.32,266.000,884864.000,33.34,33.35,33.36,33.37,33.38,23,96,13,308,715,33.32,33.28,33.25,33.24,33.23,80,222,62,23,20,1
2020-01-02 10:01:39,33.28,531.000,1767296.000,33.3,33.32,33.33,33.34,33.35,102,49,85,13,124,33.28,33.25,33.21,33.2,33.19,9,10,386,82,13,0
2020-01-02 10:01:42,33.29,7.000,23296.000,33.29,33.3,33.32,33.33,33.34,57,96,100,80,14,33.28,33.25,33.21,33.2,33.19,45,10,386,82,13,1
2020-01-02 10:01:45,33.32,229.000,762624.000,33.32,33.33,33.34,33.35,33.36,44,80,14,136,19,33.28,33.25,33.21,33.2,33.19,41,13,386,82,13,1
2020-01-02 10:01:48,33.32,180.000,599168.000,33.32,33.34,33.35,33.36,33.37,110,14,136,19,309,33.3,33.25,33.21,33.2,33.19,1,3,386,82,13,1
2020-01-02 10:01:51,33.31,139.000,463104.000,33.31,33.34,33.35,33.36,33.37,5,16,142,13,309,33.3,33.29,33.28,33.25,33.22,27,8,4,3,9,0
2020-01-02 10:01:54,33.25,344.000,1146368.000,33.3,33.31,33.32,33.33,33.34,11,16,1,50,41,33.25,33.22,33.21,33.2,33.19,2,9,386,82,13,0
2020-01-02 10:01:57,33.21,417.000,1385216.000,33.28,33.29,33.3,33.31,33.32,1243,16,2099,16,1,33.21,33.2,33.19,33.18,33.17,52,82,5,31,122,0
2020-01-02 10:02:00,33.21,108.000,359296.000,33.28,33.29,33.3,33.31,33.32,1273,5,2015,16,5,33.21,33.2,33.19,33.18,33.17,32,82,5,31,122,0
2020-01-02 10:02:03,33.28,120.000,399232.000,33.28,33.29,33.3,33.31,33.32,1182,7,2015,14,15,33.21,33.2,33.19,33.18,33.17,30,85,5,31,122,1
2020-01-02 10:02:06,33.27,5031.000,16763780.000,33.27,33.33,33.39,33.4,33.41,3,26,767,619,67,33.21,33.2,33.19,33.18,33.17,27,78,5,31,122,0
2020-01-02 10:02:09,33.28,388.000,1294336.000,33.28,33.38,33.39,33.4,33.41,1,159,495,670,67,33.21,33.2,33.19,33.18,33.17,118,77,5,31,122,1
2020-01-02 10:02:12,33.27,63.000,209792.000,33.31,33.35,33.38,33.39,33.4,8,7,1,495,670,33.27,33.22,33.21,33.2,33.19,33,1,124,77,5,0
2020-01-02 10:02:15,33.28,20.000,66560.000,33.31,33.35,33.38,33.39,33.4,25,7,3,495,671,33.28,33.27,33.22,33.21,33.2,17,36,4,217,77,1
2020-01-02 10:02:18,33.38,254.000,845696.000,33.39,33.4,33.41,33.42,33.43,495,691,68,68,187,33.38,33.31,33.28,33.27,33.22,912,11,3,36,103,1
2020-01-02 10:02:21,33.38,1143.000,3815296.000,33.38,33.39,33.4,33.41,33.42,180,522,691,68,68,33.31,33.28,33.27,33.22,33.21,27,3,33,103,123,0
2020-01-02 10:02:24,33.38,162.000,540416.000,33.38,33.39,33.4,33.41,33.42,830,505,694,68,68,33.28,33.27,33.25,33.22,33.21,22,33,5,103,128,1
2020-01-02 10:02:27,33.3,203.000,677376.000,33.37,33.38,33.39,33.4,33.41,1,701,505,691,68,33.3,33.28,33.27,33.25,33.23,85,138,54,5,50,0
2020-01-02 10:02:30,33.37,35.000,116608.000,33.37,33.38,33.39,33.4,33.41,10,700,479,699,68,33.3,33.28,33.27,33.25,33.23,167,139,54,5,50,1
2020-01-02 10:02:33,33.38,733.000,2444672.000,33.37,33.38,33.39,33.4,33.41,22,322,479,711,68,33.28,33.27,33.25,33.23,33.22,86,54,5,50,103,1
2020-01-02 10:02:36,33.3,13.000,43264.000,33.37,33.38,33.39,33.4,33.41,566,330,479,712,68,33.3,33.28,33.27,33.25,33.23,521,99,54,5,50,0
2020-01-02 10:02:39,33.3,616.000,2051328.000,33.3,33.35,33.36,33.37,33.38,485,6,41,634,332,33.28,33.27,33.25,33.23,33.22,112,54,105,50,103,0
2020-01-02 10:02:42,33.3,396.000,1318656.000,33.3,33.35,33.36,33.37,33.38,93,6,48,655,340,33.29,33.28,33.27,33.25,33.22,3,112,54,105,3,1
2020-01-02 10:02:45,33.35,137.000,456192.000,33.35,33.36,33.37,33.38,33.39,9,48,665,345,479,33.3,33.29,33.28,33.27,33.25,931,3,134,54,105,1
2020-01-02 10:02:48,33.37,335.000,1117568.000,33.37,33.38,33.39,33.4,33.41,446,365,563,868,68,33.3,33.29,33.28,33.27,33.25,1181,3,129,33,105,1
2020-01-02 10:02:51,33.35,21.000,70016.000,33.36,33.37,33.38,33.39,33.4,5,468,379,563,827,33.35,33.31,33.3,33.29,33.28,8,1,1322,3,129,0
2020-01-02 10:02:54,33.3,1636.000,5448704.000,33.3,33.36,33.37,33.38,33.39,477,171,475,373,563,33.29,33.28,33.27,33.25,33.23,3,129,33,105,620,0
2020-01-02 10:02:57,33.3,83.000,276352.000,33.3,33.33,33.35,33.36,33.37,466,10,5,179,536,33.29,33.28,33.27,33.25,33.23,196,44,33,105,620,1
2020-01-02 10:03:00,33.3,28.000,93184.000,33.3,33.33,33.35,33.36,33.37,460,10,29,184,546,33.29,33.28,33.27,33.25,33.23,191,44,33,105,620,1
2020-01-02 10:03:03,33.29,273.000,908928.000,33.29,33.3,33.33,33.35,33.36,4,430,10,31,186,33.28,33.27,33.25,33.23,33.22,34,33,105,620,3,0
2020-01-02 10:03:06,33.35,565.000,1881984.000,33.36,33.37,33.38,33.39,33.4,159,541,761,563,878,33.35,33.3,33.28,33.27,33.25,130,57,178,40,105,1
2020-01-02 10:03:09,33.35,77.000,256768.000,33.36,33.37,33.38,33.39,33.4,133,495,761,567,892,33.35,33.34,33.3,33.29,33.28,84,7,148,5,178,0
2020-01-02 10:03:12,33.37,435.000,1451136.000,33.37,33.38,33.39,33.4,33.41,415,765,567,916,72,33.36,33.3,33.29,33.28,33.25,210,148,5,177,107,1
2020-01-02 10:03:16,33.36,93.000,310144.000,33.37,33.38,33.39,33.4,33.41,508,765,620,916,72,33.36,33.35,33.3,33.29,33.28,170,1,151,27,177,0
