Time,Price,Volume,Amount,SP1,SP2,SP3,SP4,SP5,SV1,SV2,SV3,SV4,SV5,BP1,BP2,BP3,BP4,BP5,BV1,BV2,BV3,BV4,BV5,isBuy
2020-01-02 09:15:12,35.52,0.000,0.000,35.52,0,0,0,0,5,0,0,0,0,35.52,0,0,0,0,5,2,0,0,0,1
2020-01-02 09:15:39,35.52,0.000,0.000,35.52,0,0,0,0,7,8,0,0,0,35.52,0,0,0,0,7,0,0,0,0,1
2020-01-02 09:16:15,35.52,0.000,0.000,35.52,0,0,0,0,5,0,0,0,0,35.52,0,0,0,0,5,2,0,0,0,1
2020-01-02 09:16:24,35.52,0.000,0.000,35.52,0,0,0,0,6,0,0,0,0,35.52,0,0,0,0,6,1,0,0,0,1
2020-01-02 09:17:54,35.51,0.000,0.000,35.51,0,0,0,0,7,86,0,0,0,35.51,0,0,0,0,7,0,0,0,0,0
2020-01-02 09:18:12,35.5,0.000,0.000,35.5,0,0,0,0,7,4,0,0,0,35.5,0,0,0,0,7,0,0,0,0,0
2020-01-02 09:18:15,35.5,0.000,0.000,35.5,0,0,0,0,7,4,0,0,0,35.5,0,0,0,0,7,0,0,0,0,1
2020-01-02 09:18:21,35.5,0.000,0.000,35.5,0,0,0,0,7,9,0,0,0,35.5,0,0,0,0,7,0,0,0,0,1
2020-01-02 09:18:48,35.45,0.000,0.000,35.45,0,0,0,0,7,0,0,0,0,35.45,0,0,0,0,7,0,0,0,0,0
2020-01-02 09:19:16,35.4,0.000,0.000,35.4,0,0,0,0,7,19,0,0,0,35.4,0,0,0,0,7,0,0,0,0,0
2020-01-02 09:19:42,35.4,0.000,0.000,35.4,0,0,0,0,7,20,0,0,0,35.4,0,0,0,0,7,0,0,0,0,1
2020-01-02 09:19:52,35.35,0.000,0.000,35.35,0,0,0,0,7,2,0,0,0,35.35,0,0,0,0,7,0,0,0,0,0
2020-01-02 09:21:07,35.1,0.000,0.000,35.1,0,0,0,0,7,3,0,0,0,35.1,0,0,0,0,7,0,0,0,0,0
2020-01-02 09:23:03,35.06,0.000,0.000,35.06,0,0,0,0,7,0,0,0,0,35.06,0,0,0,0,7,0,0,0,0,0
2020-01-02 09:23:40,35.06,0.000,0.000,35.06,0,0,0,0,7,5,0,0,0,35.06,0,0,0,0,7,0,0,0,0,1
2020-01-02 09:23:58,34.91,0.000,0.000,34.91,0,0,0,0,9,0,0,0,0,34.91,0,0,0,0,9,0,0,0,0,0
2020-01-02 09:24:06,35.01,0.000,0.000,35.01,0,0,0,0,9,0,0,0,0,35.01,0,0,0,0,9,0,0,0,0,1
2020-01-02 09:24:34,35.02,0.000,0.000,35.02,0,0,0,0,9,0,0,0,0,35.02,0,0,0,0,9,0,0,0,0,1
2020-01-02 09:24:42,35.01,0.000,0.000,35.01,0,0,0,0,11,2,0,0,0,35.01,0,0,0,0,11,0,0,0,0,0
2020-01-02 09:24:52,35,0.000,0.000,35,0,0,0,0,13,0,0,0,0,35,0,0,0,0,13,0,0,0,0,0
2020-01-02 09:25:01,34.91,0.000,0.000,34.91,0,0,0,0,13,3,0,0,0,34.91,0,0,0,0,13,0,0,0,0,0
2020-01-02 09:25:05,34.91,13.000,45383.000,34.91,34.98,34.99,35,35.01,3,3,9,3,4,34.61,34.52,34.51,34.5,34.42,3,3,4,1,5,1
2020-01-02 09:25:07,34.91,0.000,0.000,34.91,34.98,34.99,35,35.01,3,3,9,3,4,34.61,34.52,34.51,34.5,34.42,3,3,4,1,5,1
2020-01-02 09:30:04,34.91,0.000,0.000,34.91,34.97,34.98,34.99,35,3,1,3,9,2,34.61,34.52,34.51,34.5,34.42,3,3,4,1,5,1
2020-01-02 09:30:07,34.91,0.000,0.000,34.91,34.97,34.98,34.99,35,3,1,3,9,2,34.61,34.52,34.51,34.5,34.42,3,3,4,1,5,1
2020-01-02 09:30:07,34.91,2.000,6982.000,34.9,34.91,34.97,34.98,34.99,1,4,8,3,9,34.66,34.65,34.63,34.62,34.61,10,3,3,12,20,1
2020-01-02 09:30:10,34.92,9.000,31422.000,34.97,34.98,34.99,35,35.01,8,3,9,2,5,34.92,34.86,34.84,34.7,34.68,1,15,143,6,20,1
2020-01-02 09:30:13,34.86,5.000,17436.000,34.97,34.98,34.99,35,35.01,8,3,9,2,5,34.9,34.86,34.84,34.7,34.68,1,11,143,6,20,0
2020-01-02 09:30:16,34.86,0.000,0.000,34.97,34.98,34.99,35,35.01,8,3,9,2,5,34.9,34.86,34.84,34.7,34.68,1,11,143,6,20,0
2020-01-02 09:30:16,34.91,22.000,76756.000,34.92,34.97,34.98,34.99,35,4,8,3,9,2,34.86,34.84,34.7,34.68,34.66,2,143,6,20,13,1
2020-01-02 09:30:18,34.91,0.000,0.000,34.92,34.97,34.98,34.99,35,4,8,3,9,2,34.86,34.84,34.7,34.68,34.66,2,143,6,20,13,0
2020-01-02 09:30:20,34.91,0.000,0.000,34.92,34.97,34.98,34.99,35,4,8,3,9,2,34.86,34.84,34.7,34.68,34.66,2,143,6,20,11,0
2020-01-02 09:30:22,34.92,2.000,6984.000,34.92,34.97,34.98,34.99,35,9,8,3,9,2,34.86,34.84,34.7,34.68,34.66,2,143,6,20,10,1
2020-01-02 09:30:25,34.9,2.000,6980.000,34.92,34.97,34.98,34.99,35,9,8,3,9,2,34.9,34.86,34.84,34.7,34.68,2,2,143,6,20,0
2020-01-02 09:30:28,34.9,0.000,0.000,34.92,34.97,34.98,34.99,35,9,8,3,9,2,34.9,34.87,34.86,34.84,34.7,2,10,2,143,6,0
2020-01-02 09:30:31,34.9,0.000,0.000,34.92,34.97,34.98,34.99,35,9,8,3,9,2,34.9,34.87,34.86,34.84,34.7,4,10,2,143,6,0
2020-01-02 09:30:34,34.9,1.000,3490.000,34.92,34.97,34.98,34.99,35,9,11,3,9,2,34.9,34.87,34.86,34.84,34.7,3,10,2,143,6,0
2020-01-02 09:30:37,34.9,4.000,13962.000,34.9,34.92,34.97,34.98,34.99,1,8,11,3,9,34.87,34.86,34.84,34.7,34.68,10,2,143,6,20,0
2020-01-02 09:30:40,34.92,9.000,31426.000,34.97,34.98,34.99,35,35.01,11,3,9,2,5,34.96,34.87,34.86,34.84,34.7,11,10,12,143,6,1
2020-01-02 09:30:43,34.92,0.000,0.000,34.97,34.98,35,35.01,35.07,11,3,2,5,1,34.96,34.87,34.86,34.84,34.7,11,10,12,143,6,0
2020-01-02 09:30:46,34.96,3.000,10488.000,34.97,35,35.01,35.07,35.1,13,2,5,1,3,34.96,34.92,34.87,34.86,34.84,8,1,10,12,143,1
2020-01-02 09:30:49,34.96,8.000,27968.000,34.96,34.97,35,35.01,35.07,227,13,2,5,1,34.92,34.87,34.86,34.84,34.7,1,10,12,143,6,0
2020-01-02 09:30:52,34.96,0.000,0.000,34.95,34.96,34.97,35,35.01,9,227,13,2,5,34.92,34.87,34.86,34.84,34.7,1,10,13,143,6,1
2020-01-02 09:30:55,34.96,29.000,101363.000,34.96,34.97,35,35.01,35.07,210,13,2,5,1,34.87,34.86,34.84,34.7,34.68,10,13,143,6,20,1
2020-01-02 09:30:58,34.87,8.000,27896.000,34.96,34.97,35,35.01,35.07,210,13,2,5,1,34.88,34.87,34.86,34.84,34.7,5,2,13,143,6,0
2020-01-02 09:31:07,34.94,4.000,13969.000,34.94,34.96,34.97,35,35.01,6,210,13,2,5,34.88,34.87,34.86,34.84,34.7,4,2,13,143,6,1
2020-01-02 09:31:10,34.88,2.000,6976.000,34.94,34.96,34.97,35,35.07,6,210,13,2,1,34.91,34.88,34.87,34.86,34.84,10,2,2,13,143,0
2020-01-02 09:31:13,34.94,2.000,6985.000,34.94,34.96,34.97,35,35.07,5,210,13,2,1,34.91,34.88,34.87,34.86,34.84,9,2,2,13,143,1
2020-01-02 09:31:16,34.91,2.000,6985.000,34.94,34.96,34.97,35,35.07,4,210,13,2,1,34.91,34.88,34.87,34.86,34.84,8,3,2,13,143,0
2020-01-02 09:31:19,34.91,1.000,3491.000,34.94,34.96,34.97,35,35.07,4,210,12,2,1,34.91,34.88,34.87,34.86,34.84,7,3,2,13,143,0
2020-01-02 09:31:28,34.94,4.000,13976.000,34.96,34.97,35,35.07,35.1,210,12,2,1,3,34.94,34.92,34.91,34.89,34.88,53,6,7,5,3,1
2020-01-02 09:31:31,34.94,16.000,55904.000,34.97,35,35.07,35.1,35.12,12,2,1,3,5,34.94,34.92,34.91,34.89,34.88,37,6,7,5,3,0
2020-01-02 09:31:34,34.94,1.000,3494.000,34.97,35,35.07,35.1,35.12,12,2,1,3,5,34.94,34.92,34.91,34.89,34.88,36,6,7,5,3,0
2020-01-02 09:31:46,34.97,10.000,34970.000,35,35.07,35.1,35.12,35.28,2,1,3,5,0,34.97,34.96,34.94,34.92,34.91,5,4,38,6,7,1
2020-01-02 09:31:52,34.97,5.000,17487.000,34.99,35,35.07,35.1,35.12,17,2,1,3,5,34.97,34.96,34.94,34.91,34.89,2,4,38,7,5,0
2020-01-02 09:31:55,34.96,6.000,20978.000,34.96,34.99,35.07,35.1,35.12,9,17,1,3,5,34.94,34.91,34.89,34.88,34.87,38,7,5,3,5,0
2020-01-02 09:31:58,34.99,10.000,34963.000,34.99,35.07,35.1,35.12,35.28,16,1,3,5,0,34.98,34.94,34.91,34.89,34.88,5,38,7,5,3,1
2020-01-02 09:32:10,34.99,14.000,48986.000,34.99,35.07,35.12,35.28,35.3,2,1,5,0,6,34.98,34.94,34.91,34.89,34.88,5,38,7,5,3,1
2020-01-02 09:32:19,34.98,1.000,3498.000,34.99,35.07,35.12,35.28,35.3,2,1,5,0,6,34.98,34.94,34.91,34.89,34.88,4,36,7,5,3,0
2020-01-02 09:32:22,34.99,2.000,6998.000,35.07,35.12,35.28,35.3,35.33,1,5,0,6,1,34.99,34.98,34.94,34.91,34.89,2,4,36,7,5,1
2020-01-02 09:32:28,34.98,11.000,38485.000,34.98,35.07,35.12,35.28,35.3,59,1,5,0,6,34.91,34.89,34.88,34.86,34.7,7,5,3,13,6,0
2020-01-02 09:32:34,34.98,5.000,17490.000,34.98,34.99,35.07,35.12,35.28,54,7,1,5,1,34.91,34.89,34.88,34.86,34.7,7,5,3,11,6,1
2020-01-02 09:32:40,34.98,38.000,132924.000,34.98,34.99,35.07,35.12,35.28,16,7,1,5,1,34.91,34.89,34.88,34.86,34.7,8,5,3,11,6,1
2020-01-02 09:33:07,34.98,10.000,34980.000,34.99,35.07,35.1,35.11,35.12,7,1,3,15,5,34.98,34.94,34.92,34.91,34.89,106,144,6,8,5,1
2020-01-02 09:33:10,34.98,64.000,223872.000,34.99,35.07,35.1,35.11,35.12,7,1,3,15,5,34.98,34.94,34.92,34.91,34.89,47,143,6,8,5,0
2020-01-02 09:33:20,34.99,7.000,24493.000,35.07,35.1,35.11,35.12,35.28,1,3,15,5,1,34.99,34.98,34.95,34.94,34.91,1,45,7,143,8,1
2020-01-02 09:33:55,35.06,3.000,10518.000,35.06,35.07,35.1,35.11,35.12,4,3,33,15,5,35,34.99,34.98,34.95,34.94,10,39,44,7,143,1
2020-01-02 09:34:07,35,10.000,35000.000,35,35.06,35.07,35.1,35.11,78,4,7,33,15,34.99,34.98,34.95,34.94,34.91,39,44,7,143,8,0
2020-01-02 09:34:13,35,10.000,34998.000,35,35.05,35.06,35.07,35.09,70,3,6,13,14,34.99,34.98,34.95,34.94,34.91,36,44,7,143,8,1
2020-01-02 09:34:16,35,3.000,10500.000,35,35.05,35.06,35.07,35.09,67,3,6,13,14,34.99,34.98,34.95,34.94,34.91,36,44,7,143,8,1
2020-01-02 09:34:19,34.99,6.000,20994.000,35,35.05,35.06,35.07,35.09,67,3,6,13,15,34.99,34.98,34.95,34.94,34.91,29,43,7,143,8,0
2020-01-02 09:34:28,34.99,24.000,83977.000,35,35.05,35.06,35.07,35.09,66,3,6,13,1,34.99,34.98,34.95,34.94,34.91,6,43,7,143,1,0
2020-01-02 09:34:35,34.99,3.000,10497.000,35,35.05,35.06,35.07,35.09,68,3,2,13,1,34.99,34.98,34.95,34.94,34.91,3,43,7,143,1,0
2020-01-02 09:34:38,34.99,3.000,10497.000,34.99,35,35.05,35.06,35.07,5,72,3,2,13,34.98,34.95,34.94,34.91,34.89,43,7,143,1,5,0
2020-01-02 09:34:40,34.99,5.000,17495.000,34.99,35,35.05,35.06,35.07,1,72,3,2,13,34.98,34.95,34.94,34.91,34.89,43,7,143,1,5,1
2020-01-02 09:34:49,34.98,2.000,6996.000,34.99,35,35.05,35.06,35.07,9,70,3,2,13,34.98,34.95,34.94,34.91,34.89,41,7,143,1,5,0
2020-01-02 09:34:55,34.98,14.000,48972.000,34.99,35,35.05,35.06,35.07,9,70,3,2,13,34.98,34.95,34.94,34.91,34.89,27,7,143,8,5,0
2020-01-02 09:34:58,34.98,27.000,94446.000,34.98,34.99,35,35.05,35.06,24,11,68,3,2,34.95,34.94,34.91,34.89,34.88,7,143,8,5,3,0
2020-01-02 09:35:07,34.95,7.000,24465.000,34.98,34.99,35,35.05,35.06,45,9,69,3,4,34.94,34.92,34.91,34.89,34.88,143,3,8,5,3,0
2020-01-02 09:35:19,34.96,14.000,48934.000,34.97,34.98,34.99,35,35.05,9,41,9,3,3,34.95,34.94,34.92,34.91,34.89,5,143,3,8,5,1
2020-01-02 09:35:22,34.97,5.000,17483.000,34.97,34.98,34.99,35,35.05,2,41,9,3,3,34.96,34.95,34.94,34.92,34.91,4,5,143,3,8,1
2020-01-02 09:35:28,34.96,5.000,17480.000,34.96,34.98,34.99,35,35.05,14,41,9,3,3,34.95,34.94,34.92,34.91,34.89,5,143,3,8,5,0
2020-01-02 09:35:31,34.95,5.000,17475.000,34.95,34.96,34.98,34.99,35,25,14,30,9,3,34.94,34.92,34.91,34.89,34.88,143,3,8,5,3,0
2020-01-02 09:35:40,34.94,66.000,230604.000,34.95,34.96,34.97,34.98,34.99,25,14,5,12,2,34.94,34.92,34.91,34.89,34.88,77,3,8,5,3,0
2020-01-02 09:35:43,34.94,77.000,269038.000,34.94,34.95,34.96,34.97,34.98,3,25,14,5,12,34.92,34.91,34.89,34.88,34.87,3,8,5,3,3,0
2020-01-02 09:35:49,34.92,3.000,10476.000,34.94,34.95,34.96,34.97,34.98,18,28,14,5,12,34.91,34.89,34.88,34.87,34.86,8,5,3,3,11,0
2020-01-02 09:35:58,34.91,5.000,17455.000,34.94,34.95,34.96,34.97,34.98,40,28,14,5,12,34.91,34.89,34.88,34.87,34.86,3,5,3,3,11,0
2020-01-02 09:36:01,34.91,3.000,10473.000,34.91,34.94,34.95,34.96,34.97,13,40,28,14,5,34.89,34.88,34.87,34.86,34.68,5,3,3,11,20,0
2020-01-02 09:36:13,34.89,5.000,17445.000,34.89,34.9,34.91,34.92,34.94,18,5,17,9,13,34.88,34.87,34.86,34.68,34.66,3,3,1,20,13,0
2020-01-02 09:36:35,34.89,2.000,6978.000,34.89,34.9,34.91,34.92,34.94,2,5,13,9,10,34.88,34.87,34.86,34.68,34.66,3,3,1,20,13,1
2020-01-02 09:36:37,34.89,2.000,6978.000,34.9,34.91,34.92,34.94,34.95,5,13,9,10,28,34.89,34.88,34.87,34.86,34.68,10,3,4,1,20,1
2020-01-02 09:36:43,34.9,4.000,13960.000,34.9,34.91,34.92,34.94,34.95,1,13,9,10,28,34.89,34.88,34.87,34.86,34.68,11,3,4,1,20,1
2020-01-02 09:36:46,34.9,1.000,3490.000,34.91,34.92,34.94,34.95,34.97,13,9,10,28,5,34.9,34.89,34.88,34.87,34.86,2,11,3,4,1,1
2020-01-02 09:36:52,34.91,6.000,20946.000,34.91,34.92,34.94,34.95,34.97,7,9,10,28,5,34.9,34.89,34.88,34.87,34.86,7,10,3,4,1,1
2020-01-02 09:36:56,34.91,6.000,20941.000,34.91,34.92,34.94,34.95,34.97,6,9,10,28,5,34.9,34.89,34.88,34.87,34.86,2,10,3,4,1,1
2020-01-02 09:36:58,34.91,6.000,20946.000,34.92,34.94,34.95,34.97,34.98,9,10,28,5,12,34.9,34.89,34.88,34.87,34.86,2,9,3,4,1,1
2020-01-02 09:37:08,34.91,6.000,20951.000,34.92,34.94,34.95,34.97,34.98,4,10,25,5,10,34.9,34.89,34.88,34.87,34.86,112,9,6,4,1,0
2020-01-02 09:37:13,34.92,6.000,20952.000,34.94,34.95,34.97,34.98,35,10,25,5,10,1,34.92,34.9,34.89,34.88,34.87,1,112,9,6,4,1
2020-01-02 09:37:19,34.93,4.000,13973.000,34.94,34.95,34.97,34.98,35,9,25,5,5,1,34.93,34.9,34.89,34.88,34.87,2,112,8,6,4,1
2020-01-02 09:37:26,34.94,1.000,3494.000,34.94,34.95,34.97,34.98,35,8,25,5,5,1,34.93,34.92,34.9,34.89,34.88,2,10,112,8,6,1
2020-01-02 09:37:31,34.94,1.000,3494.000,34.94,34.95,34.97,34.98,35,7,25,5,5,1,34.93,34.92,34.9,34.89,34.88,2,13,2,8,6,1
2020-01-02 09:37:38,34.94,5.000,17470.000,34.94,34.95,34.97,34.98,35,2,25,5,5,1,34.93,34.92,34.91,34.9,34.89,2,13,4,2,8,1
2020-01-02 09:37:43,34.94,1.000,3494.000,34.94,34.95,34.97,34.98,35,1,25,5,5,1,34.93,34.92,34.91,34.9,34.89,2,16,4,2,8,1
2020-01-02 09:37:46,34.94,1.000,3494.000,34.95,34.97,34.98,35,35.05,25,5,5,1,3,34.93,34.92,34.91,34.9,34.89,2,16,4,2,8,1
2020-01-02 09:37:55,34.96,28.000,97863.000,34.97,34.98,35,35.05,35.06,5,5,1,3,4,34.96,34.93,34.92,34.9,34.89,82,2,6,2,7,1
2020-01-02 09:38:02,34.97,2.000,6994.000,34.97,34.98,35,35.05,35.06,3,5,1,3,4,34.96,34.95,34.93,34.92,34.9,82,20,2,6,2,1
2020-01-02 09:38:04,34.97,1.000,3497.000,34.97,34.98,35,35.05,35.06,2,5,1,3,4,34.96,34.95,34.93,34.92,34.9,82,20,2,6,2,1
2020-01-02 09:38:07,34.96,22.000,76912.000,34.97,34.98,35,35.05,35.06,2,5,1,3,4,34.96,34.95,34.93,34.92,34.9,60,20,2,6,2,0
2020-01-02 09:38:10,34.96,15.000,52440.000,34.97,34.98,35,35.05,35.06,2,5,1,3,4,34.96,34.95,34.93,34.92,34.9,45,20,2,6,2,0
2020-01-02 09:38:13,34.97,2.000,6994.000,34.98,35,35.05,35.06,35.07,5,1,3,4,5,34.97,34.96,34.95,34.93,34.92,24,45,20,2,6,1
2020-01-02 09:38:16,34.97,3.000,10491.000,34.98,35,35.05,35.06,35.07,5,1,3,4,5,34.97,34.96,34.95,34.93,34.92,22,45,20,2,6,0
2020-01-02 09:38:31,34.98,6.000,20987.000,35,35.05,35.06,35.07,35.08,1,3,4,5,1,34.98,34.97,34.96,34.95,34.93,7,21,50,20,2,1
2020-01-02 09:38:34,34.97,28.000,97923.000,34.97,35,35.05,35.06,35.07,3,1,3,4,5,34.96,34.95,34.93,34.92,34.9,50,20,2,3,2,0
2020-01-02 09:38:49,35,1.000,3500.000,35.05,35.06,35.07,35.08,35.11,3,4,5,1,15,34.98,34.96,34.95,34.93,34.92,5,50,20,2,3,1
2020-01-02 09:38:52,35,3.000,10500.000,35.05,35.06,35.07,35.08,35.11,3,4,5,1,15,35,34.98,34.96,34.95,34.93,7,5,50,20,2,0
2020-01-02 09:38:58,35.06,4.000,14021.000,35.06,35.07,35.08,35.11,35.12,3,5,1,15,5,35,34.98,34.96,34.95,34.93,16,5,50,20,2,1
2020-01-02 09:39:07,35,19.000,66500.000,35,35.06,35.07,35.08,35.11,17,3,5,1,15,34.96,34.95,34.93,34.92,34.91,50,20,2,3,5,0
2020-01-02 09:39:10,35,13.000,45500.000,35,35.06,35.07,35.08,35.11,4,3,5,1,15,34.96,34.95,34.93,34.92,34.91,50,20,2,3,5,1
2020-01-02 09:39:16,35,1.000,3500.000,35,35.06,35.07,35.08,35.11,3,3,5,1,15,34.96,34.95,34.93,34.92,34.91,50,20,2,3,5,1
2020-01-02 09:39:46,35,3.000,10500.000,35.02,35.06,35.07,35.08,35.1,1,9,5,1,3,35,34.97,34.96,34.95,34.93,32,18,5,20,2,1
2020-01-02 09:39:58,35,24.000,84000.000,35.02,35.06,35.07,35.08,35.1,1,9,5,7,4,35,34.97,34.96,34.95,34.93,8,19,5,20,2,0
2020-01-02 09:40:07,35,5.000,17500.000,35.06,35.07,35.08,35.1,35.11,9,5,7,4,16,35,34.97,34.96,34.95,34.93,3,19,5,20,2,0
2020-01-02 09:40:13,35,3.000,10500.000,35,35.05,35.06,35.07,35.08,2,1,15,5,7,34.97,34.96,34.95,34.92,34.91,11,5,20,3,5,0
2020-01-02 09:40:22,35,2.000,6997.000,35,35.05,35.06,35.07,35.08,1,12,16,5,7,34.97,34.96,34.95,34.92,34.91,10,5,20,3,5,1
2020-01-02 09:40:40,35,1.000,3500.000,35,35.05,35.06,35.07,35.08,2,12,16,5,7,34.97,34.96,34.95,34.92,34.91,10,5,20,3,5,1
2020-01-02 09:40:43,35,2.000,7000.000,35.05,35.06,35.07,35.08,35.1,12,16,5,7,4,35.02,34.97,34.96,34.95,34.92,8,10,5,20,3,1
2020-01-02 09:40:46,35.02,6.000,21012.000,35.05,35.06,35.07,35.08,35.1,12,16,5,7,4,35.02,34.97,34.96,34.95,34.92,2,10,5,20,3,1
2020-01-02 09:40:52,35.02,2.000,7004.000,35.02,35.04,35.05,35.06,35.07,2,1,18,12,5,34.97,34.96,34.95,34.92,34.91,10,10,20,3,5,0
2020-01-02 09:41:02,34.97,3.000,10491.000,35.02,35.04,35.05,35.06,35.07,6,6,14,12,5,34.97,34.96,34.95,34.92,34.91,7,10,20,3,5,0
2020-01-02 09:41:05,34.97,3.000,10491.000,35.02,35.04,35.05,35.06,35.07,6,6,14,12,5,34.97,34.96,34.95,34.92,34.91,4,10,20,3,5,0
2020-01-02 09:41:07,34.97,1.000,3497.000,35.01,35.02,35.04,35.05,35.06,1,6,6,14,12,34.97,34.96,34.95,34.92,34.91,3,10,20,3,5,0
2020-01-02 09:41:31,35.01,1.000,3501.000,35.02,35.04,35.05,35.06,35.07,12,4,17,10,5,35.01,34.99,34.98,34.97,34.96,3,2,13,3,10,1
2020-01-02 09:41:40,35.01,2.000,7002.000,35.02,35.04,35.05,35.06,35.07,12,4,17,10,5,35.01,34.99,34.98,34.97,34.96,1,2,13,3,10,0
2020-01-02 09:41:43,35.01,2.000,7002.000,35.02,35.04,35.05,35.06,35.07,12,4,17,10,5,35.01,34.99,34.98,34.97,34.96,16,2,13,3,10,0
2020-01-02 09:41:46,35.02,14.000,49026.000,35.04,35.05,35.06,35.07,35.08,4,17,10,5,7,35.02,35.01,34.99,34.98,34.97,1,24,2,13,3,1
2020-01-02 09:41:49,35.01,2.000,7003.000,35.04,35.05,35.06,35.07,35.08,4,17,10,5,7,35.01,34.99,34.98,34.97,34.96,23,2,13,3,10,0
2020-01-02 09:41:52,35.01,3.000,10503.000,35.04,35.05,35.06,35.07,35.08,4,17,10,5,7,35.01,34.99,34.98,34.97,34.96,20,2,13,3,10,0
2020-01-02 09:41:55,35.05,10.000,35040.000,35.05,35.06,35.07,35.08,35.1,16,10,5,7,4,35.01,34.99,34.98,34.97,34.96,20,2,13,3,10,1
2020-01-02 09:42:01,35.01,1.000,3501.000,35.04,35.05,35.06,35.07,35.08,3,16,10,1,7,35.01,34.98,34.97,34.96,34.95,19,13,3,10,26,0
2020-01-02 09:42:07,35.04,3.000,10512.000,35.05,35.06,35.07,35.08,35.1,17,10,1,7,4,35.04,35.02,35.01,34.98,34.97,2,2,19,13,3,1
2020-01-02 09:42:10,35.04,2.000,7008.000,35.04,35.05,35.06,35.07,35.08,9,17,10,1,7,35.02,35.01,34.98,34.97,34.96,2,19,13,3,10,0
2020-01-02 09:42:43,35.03,3.000,10509.000,35.04,35.05,35.06,35.07,35.08,9,22,10,1,7,35.03,35.02,35.01,34.98,34.97,6,2,10,13,3,0
2020-01-02 09:42:49,35.03,5.000,17515.000,35.04,35.05,35.06,35.07,35.08,9,22,10,1,7,35.03,35.02,35.01,34.98,34.97,8,2,10,13,3,0
2020-01-02 09:43:01,35.03,2.000,7006.000,35.04,35.05,35.06,35.07,35.08,13,22,10,1,7,35.03,35.01,34.98,34.97,34.96,12,10,13,3,10,0
2020-01-02 09:43:05,35.03,2.000,7006.000,35.04,35.05,35.06,35.07,35.08,13,22,10,1,7,35.03,35.01,34.98,34.97,34.96,12,10,13,3,10,0
2020-01-02 09:43:07,35.03,2.000,7006.000,35.04,35.05,35.06,35.07,35.08,13,22,10,1,7,35.03,35.01,34.98,34.97,34.96,10,10,13,3,10,0
2020-01-02 09:43:10,35.03,10.000,35030.000,35.04,35.05,35.06,35.07,35.08,13,22,10,1,7,35.01,34.98,34.97,34.96,34.95,10,13,3,10,46,0
2020-01-02 09:43:19,35.01,2.000,7002.000,35.03,35.04,35.05,35.06,35.07,21,13,22,10,1,35.01,34.98,34.97,34.96,34.95,8,13,3,10,46,0
2020-01-02 09:43:22,35.01,1.000,3501.000,35.03,35.04,35.05,35.06,35.07,21,13,22,10,1,35.01,34.98,34.97,34.96,34.95,7,13,3,10,46,0
2020-01-02 09:43:31,35.01,2.000,7002.000,35.03,35.04,35.05,35.06,35.07,27,9,16,10,1,35.01,34.98,34.97,34.96,34.95,5,13,3,10,46,0
2020-01-02 09:43:34,35.01,2.000,7002.000,35.03,35.04,35.05,35.06,35.07,27,9,16,10,1,35.01,34.98,34.97,34.96,34.95,3,13,3,10,46,0
2020-01-02 09:43:37,35.01,2.000,7002.000,35.02,35.03,35.04,35.05,35.06,2,27,9,16,10,35.01,34.98,34.97,34.96,34.95,1,13,3,10,46,0
2020-01-02 09:43:40,35.01,1.000,3501.000,35.01,35.02,35.03,35.04,35.05,11,2,27,9,16,34.98,34.97,34.96,34.95,34.92,13,3,10,46,3,0
2020-01-02 09:43:43,35.02,13.000,45515.000,35.02,35.03,35.04,35.05,35.06,2,35,9,16,10,34.98,34.97,34.96,34.95,34.92,13,3,10,46,3,1
2020-01-02 09:43:50,34.98,2.000,6996.000,35.01,35.02,35.03,35.04,35.05,6,2,35,9,16,34.98,34.97,34.96,34.95,34.92,11,3,10,46,3,0
2020-01-02 09:43:55,34.98,2.000,6996.000,35.01,35.02,35.03,35.04,35.05,6,2,35,9,16,34.98,34.97,34.96,34.95,34.92,9,3,10,46,3,0
2020-01-02 09:44:01,34.98,9.000,31482.000,34.98,35.01,35.02,35.03,35.04,8,6,2,35,9,34.97,34.96,34.95,34.92,34.91,3,10,46,3,5,0
2020-01-02 09:44:22,34.98,8.000,27979.000,34.98,34.99,35.01,35.02,35.03,11,13,2,2,35,34.96,34.95,34.92,34.91,34.9,10,46,3,5,2,1
2020-01-02 09:44:43,34.98,5.000,17490.000,34.98,34.99,35.01,35.02,35.03,10,13,2,2,36,34.96,34.95,34.92,34.91,34.9,21,46,3,5,2,1
2020-01-02 09:45:31,34.96,10.000,34960.000,34.98,35.01,35.02,35.03,35.04,4,2,2,36,9,34.96,34.95,34.92,34.91,34.9,11,46,3,6,2,0
2020-01-02 09:45:34,34.96,11.000,38456.000,34.96,34.98,35.01,35.02,35.03,2,4,2,2,36,34.95,34.92,34.91,34.9,34.89,46,3,6,2,4,0
2020-01-02 09:45:55,34.96,3.000,9090.000,34.98,35,35.01,35.02,35.03,4,1,2,2,36,34.96,34.95,34.92,34.91,34.9,6,46,3,6,2,1
2020-01-02 09:46:19,34.98,4.000,13990.000,34.98,35,35.01,35.02,35.03,2,1,2,2,36,34.97,34.96,34.95,34.92,34.91,11,8,46,3,6,1
2020-01-02 09:46:49,34.98,13.000,45473.000,35,35.02,35.03,35.04,35.05,1,2,36,9,19,34.98,34.97,34.96,34.95,34.92,8,10,23,46,3,1
2020-01-02 09:47:16,34.99,1.000,3499.000,35,35.03,35.04,35.05,35.06,1,36,9,14,10,34.99,34.98,34.97,34.96,34.95,12,10,20,21,46,1
2020-01-02 09:47:37,34.99,5.000,17495.000,35,35.03,35.04,35.05,35.06,1,36,9,14,10,34.99,34.98,34.97,34.96,34.95,7,24,20,21,46,0
2020-01-02 09:47:40,34.99,7.000,24493.000,34.99,35,35.03,35.04,35.05,5,1,36,9,14,34.98,34.97,34.96,34.95,34.93,24,20,21,46,2,0
2020-01-02 09:47:43,35,6.000,20995.000,35.03,35.04,35.05,35.06,35.07,36,9,14,10,1,35,34.98,34.97,34.96,34.95,12,24,20,21,46,1
2020-01-02 09:47:52,35,4.000,14000.000,35.03,35.04,35.05,35.06,35.07,34,9,14,10,1,35,34.99,34.98,34.97,34.96,8,5,24,20,21,0
2020-01-02 09:48:05,35.03,14.000,49042.000,35.03,35.04,35.05,35.06,35.07,20,9,14,10,1,35,34.98,34.97,34.96,34.95,8,24,20,21,46,1
2020-01-02 09:48:16,35.03,5.000,17515.000,35.03,35.04,35.05,35.06,35.07,15,9,14,10,1,35,34.98,34.97,34.96,34.95,8,24,20,21,46,1
2020-01-02 09:48:34,35,2.000,7000.000,35.03,35.04,35.05,35.06,35.07,17,9,14,10,1,35,34.98,34.97,34.96,34.95,6,24,20,21,46,0
2020-01-02 09:48:40,35,3.000,10506.000,35.03,35.04,35.05,35.06,35.07,15,9,14,10,1,35,34.98,34.97,34.96,34.95,7,24,20,21,46,0
2020-01-02 09:48:58,35,3.000,10500.000,35.03,35.04,35.05,35.06,35.07,15,9,14,10,1,35,34.98,34.97,34.96,34.95,4,24,20,21,46,0
2020-01-02 09:49:10,35,1.000,3500.000,35.03,35.04,35.05,35.06,35.07,15,9,14,10,1,35,34.98,34.97,34.96,34.95,3,24,20,21,46,0
2020-01-02 09:49:28,35.01,5.000,17505.000,35.03,35.04,35.05,35.06,35.07,15,9,14,10,1,35,34.98,34.97,34.96,34.95,3,24,20,21,46,1
2020-01-02 09:50:08,35,2.000,7000.000,35.01,35.03,35.04,35.05,35.06,5,17,9,14,10,35,34.98,34.97,34.96,34.95,3,24,20,21,46,0
2020-01-02 09:50:10,35,2.000,7000.000,35.01,35.03,35.04,35.05,35.06,5,17,9,14,10,35,34.98,34.97,34.96,34.95,1,24,20,21,46,0
2020-01-02 09:50:13,35,6.000,21005.000,35,35.03,35.04,35.05,35.06,11,17,9,14,10,34.98,34.97,34.96,34.95,34.93,24,20,21,46,2,0
2020-01-02 09:50:16,35.03,25.000,87536.000,35.03,35.04,35.05,35.06,35.07,5,9,14,10,1,34.98,34.97,34.96,34.95,34.93,24,20,21,46,2,1
2020-01-02 09:50:22,34.98,2.000,6996.000,35.03,35.04,35.05,35.06,35.07,5,9,14,10,1,34.98,34.97,34.96,34.95,34.93,22,20,21,46,2,0
2020-01-02 09:50:26,34.98,2.000,6996.000,35.03,35.04,35.05,35.06,35.07,5,9,14,10,1,34.98,34.97,34.96,34.95,34.93,20,20,21,46,2,0
2020-01-02 09:50:28,34.98,4.000,13992.000,35.03,35.04,35.05,35.06,35.07,5,9,14,10,1,34.98,34.97,34.96,34.95,34.93,16,20,21,46,2,0
2020-01-02 09:51:13,34.98,16.000,55968.000,34.98,35,35.01,35.02,35.03,1,5,5,10,5,34.97,34.96,34.95,34.93,34.92,20,21,46,2,3,0
2020-01-02 09:51:16,35,5.000,17498.000,35,35.01,35.02,35.03,35.04,1,5,10,5,9,34.97,34.96,34.95,34.93,34.92,20,21,46,2,3,1
2020-01-02 09:51:22,35,1.000,3500.000,35.01,35.02,35.03,35.04,35.05,5,10,5,9,14,34.99,34.98,34.97,34.96,34.95,5,3,10,21,46,1
2020-01-02 09:51:40,35,8.000,28000.000,35.01,35.02,35.03,35.04,35.05,5,10,5,9,14,35,34.99,34.98,34.97,34.96,2,5,5,10,21,0
2020-01-02 09:51:49,35,2.000,7000.000,35,35.01,35.02,35.03,35.04,2,5,10,5,9,34.99,34.98,34.97,34.96,34.95,5,4,10,21,46,0
2020-01-02 09:51:55,35.01,5.000,17503.000,35.01,35.02,35.03,35.04,35.05,2,10,5,9,14,34.99,34.98,34.97,34.96,34.95,5,4,10,21,46,1
2020-01-02 09:52:04,35.01,2.000,7002.000,35.02,35.03,35.04,35.05,35.06,10,5,9,14,10,35.01,35,34.99,34.98,34.97,11,2,5,6,10,1
2020-01-02 09:52:10,35.02,12.000,42014.000,35.02,35.03,35.04,35.05,35.06,8,5,9,14,10,35.01,35,34.99,34.98,34.97,1,2,5,11,10,1
2020-01-02 09:52:19,35.02,8.000,28016.000,35.03,35.04,35.05,35.06,35.07,5,9,14,10,1,35.01,35,34.99,34.98,34.97,1,2,5,6,10,1
2020-01-02 09:52:28,35.03,5.000,17515.000,35.04,35.05,35.06,35.07,35.1,9,14,10,1,3,35.01,34.99,34.98,34.97,34.96,1,5,6,10,21,1
2020-01-02 09:52:37,35.04,6.000,21024.000,35.04,35.05,35.06,35.07,35.1,3,14,9,1,3,35.02,35.01,34.99,34.98,34.97,20,1,5,6,10,1
2020-01-02 09:52:43,35.04,1.000,3504.000,35.04,35.05,35.06,35.07,35.1,2,14,9,1,3,35.03,35.02,35.01,34.99,34.98,13,20,1,5,6,1
2020-01-02 09:52:55,35.04,2.000,7008.000,35.05,35.06,35.07,35.1,35.12,14,9,1,3,5,35.03,35.02,35.01,34.99,34.98,13,20,1,5,6,1
2020-01-02 09:53:28,35.03,3.000,10509.000,35.05,35.06,35.07,35.1,35.12,14,12,1,3,5,35.03,35.02,35.01,34.99,34.98,18,20,1,5,6,0
2020-01-02 09:53:31,35.03,18.000,63054.000,35.03,35.05,35.06,35.07,35.1,2,9,12,1,3,35.02,35.01,34.99,34.98,34.97,20,1,5,6,10,0
2020-01-02 09:53:37,35.03,1.000,3503.000,35.03,35.04,35.05,35.06,35.07,1,4,9,12,1,35.02,35.01,34.99,34.98,34.97,20,1,5,6,10,1
2020-01-02 09:53:55,35.03,13.000,45539.000,35.03,35.04,35.05,35.06,35.07,88,4,9,12,1,35.02,35.01,34.99,34.98,34.97,20,1,5,8,10,1
2020-01-02 09:54:01,35.03,6.000,21017.000,35.03,35.04,35.05,35.06,35.07,83,4,9,12,1,35.02,35.01,34.99,34.98,34.97,19,1,5,8,10,1
2020-01-02 09:54:13,35.03,1.000,3503.000,35.03,35.04,35.05,35.06,35.07,82,4,9,12,1,35.02,35.01,34.99,34.98,34.97,19,1,5,3,10,1
2020-01-02 09:54:16,35.02,6.000,21012.000,35.03,35.04,35.05,35.06,35.07,82,4,9,12,1,35.02,35.01,34.99,34.98,34.97,13,1,5,3,10,0
2020-01-02 09:54:23,35.03,24.000,84072.000,35.03,35.04,35.05,35.06,35.07,58,4,9,12,1,35.02,35.01,34.99,34.98,34.97,13,1,5,3,10,1
2020-01-02 09:54:25,35.02,2.000,7004.000,35.03,35.04,35.05,35.06,35.07,58,4,9,12,1,35.02,35.01,34.99,34.98,34.97,11,1,5,3,10,0
2020-01-02 09:54:28,35.02,2.000,7004.000,35.03,35.04,35.05,35.06,35.07,58,4,9,12,1,35.02,35.01,34.99,34.98,34.97,9,1,5,3,10,0
2020-01-02 09:54:32,35.03,13.000,45536.000,35.03,35.04,35.05,35.06,35.07,52,4,9,11,1,35.02,35.01,34.99,34.98,34.97,6,1,5,3,10,1
2020-01-02 09:54:34,35.02,1.000,3502.000,35.03,35.04,35.05,35.06,35.07,52,4,9,11,1,35.02,35.01,34.99,34.98,34.97,5,1,5,3,10,0
2020-01-02 09:54:37,35.03,7.000,24521.000,35.03,35.04,35.05,35.06,35.07,45,4,9,11,1,35.02,35.01,34.99,34.98,34.97,5,1,5,3,10,1
2020-01-02 09:54:43,35.02,5.000,17510.000,35.02,35.03,35.04,35.05,35.06,15,46,4,9,11,35.01,34.99,34.98,34.97,34.96,1,5,3,10,21,0
2020-01-02 09:55:01,35.02,25.000,87550.000,35.03,35.04,35.05,35.06,35.07,5,4,9,11,1,35.01,34.99,34.98,34.97,34.96,1,5,8,10,21,1
2020-01-02 09:55:52,35.03,15.000,52545.000,35.03,35.04,35.05,35.06,35.07,3,4,9,11,1,35.02,35.01,35,34.99,34.98,13,1,3,5,3,1
2020-01-02 09:55:55,35.03,3.000,10509.000,35.04,35.05,35.06,35.07,35.1,4,9,11,1,14,35.03,35.02,35.01,35,34.99,2,13,1,3,5,1
2020-01-02 09:55:59,35.03,3.000,10509.000,35.04,35.05,35.06,35.07,35.1,4,9,11,1,14,35.02,35.01,35,34.99,34.98,13,1,3,5,3,0
2020-01-02 09:56:37,35.04,3.000,10512.000,35.04,35.05,35.06,35.07,35.1,30,9,11,1,14,35.03,35.02,35.01,34.99,34.98,23,13,1,5,3,1
2020-01-02 09:56:40,35.04,1.000,3504.000,35.04,35.05,35.06,35.07,35.1,29,9,11,1,14,35.03,35.02,35.01,34.99,34.98,23,13,1,5,3,1
2020-01-02 09:56:43,35.03,12.000,42036.000,35.04,35.05,35.06,35.07,35.1,29,9,11,1,14,35.03,35.02,35.01,34.99,34.98,21,13,1,5,3,0
2020-01-02 09:56:52,35.03,2.000,7006.000,35.04,35.05,35.06,35.07,35.1,29,9,11,1,14,35.03,35.02,35.01,34.99,34.98,20,13,1,5,3,0
2020-01-02 09:57:01,35.04,2.000,7008.000,35.04,35.05,35.06,35.07,35.1,27,9,11,1,15,35.03,35.02,35.01,34.99,34.98,20,13,1,5,3,1
2020-01-02 09:57:28,35.04,15.000,52560.000,35.04,35.05,35.06,35.07,35.1,12,9,11,1,15,35.03,35.02,34.99,34.98,34.97,20,13,5,1,10,1
2020-01-02 09:57:31,35.04,2.000,7008.000,35.04,35.05,35.06,35.07,35.1,10,9,11,1,15,35.03,35.02,34.99,34.98,34.97,20,13,5,1,10,1
2020-01-02 09:57:40,35.04,10.000,35040.000,35.05,35.06,35.07,35.1,35.12,9,11,1,15,5,35.03,35.02,34.99,34.98,34.97,20,13,5,1,10,1
2020-01-02 09:57:52,35.06,22.000,77119.000,35.07,35.1,35.12,35.22,35.26,1,15,5,6,10,35.06,35.03,35.02,34.99,34.98,9,20,13,5,1,1
2020-01-02 09:57:55,35.05,15.000,52584.000,35.1,35.12,35.22,35.26,35.28,15,5,6,10,1,35.05,35.03,35.02,34.99,34.98,2,18,13,5,1,0
2020-01-02 09:58:13,35.05,10.000,35050.000,35.1,35.12,35.22,35.26,35.28,15,5,6,10,1,35.05,35.03,35.02,34.99,34.98,2,18,13,5,1,0
2020-01-02 09:58:50,35.05,2.000,7010.000,35.05,35.09,35.1,35.12,35.2,18,2,15,5,10,35.03,35.02,34.99,34.98,34.97,21,13,5,1,10,0
2020-01-02 09:59:10,35.04,11.000,38544.000,35.05,35.09,35.1,35.12,35.2,18,2,15,5,10,35.04,35.03,35.02,34.99,34.98,2,21,13,5,1,0
2020-01-02 09:59:22,35.04,3.000,10512.000,35.05,35.1,35.12,35.2,35.22,24,15,5,10,13,35.04,35.03,35.02,34.99,34.98,1,21,13,5,1,0
2020-01-02 09:59:25,35.04,1.000,3504.000,35.04,35.05,35.1,35.12,35.2,2,24,15,5,10,35.03,35.02,34.99,34.98,34.97,21,13,5,1,10,0
2020-01-02 09:59:31,35.04,2.000,7008.000,35.04,35.05,35.1,35.12,35.2,1,24,15,5,10,35.03,35.02,34.99,34.98,34.97,21,13,5,1,10,1
2020-01-02 09:59:34,35.03,3.000,10509.000,35.04,35.05,35.1,35.12,35.2,8,24,15,5,10,35.03,35.02,34.99,34.98,34.97,18,13,5,1,10,0
2020-01-02 09:59:37,35.03,3.000,10509.000,35.04,35.05,35.1,35.12,35.2,13,24,15,5,10,35.03,35.02,34.99,34.98,34.97,15,13,5,1,10,0
2020-01-02 09:59:40,35.03,1.000,3503.000,35.04,35.05,35.1,35.12,35.2,13,24,15,5,10,35.03,35.02,34.99,34.98,34.97,14,13,5,1,10,0
2020-01-02 09:59:52,35.03,2.000,7006.000,35.04,35.05,35.1,35.12,35.2,13,24,15,5,10,35.03,35.02,34.99,34.98,34.97,12,13,5,1,10,0
2020-01-02 09:59:55,35.03,2.000,7006.000,35.04,35.05,35.1,35.12,35.2,13,24,15,5,10,35.03,35.02,34.99,34.98,34.97,10,13,8,1,10,0
2020-01-02 09:59:58,35.03,4.000,14012.000,35.04,35.05,35.1,35.12,35.2,13,24,15,5,10,35.03,35.02,34.99,34.98,34.97,6,13,8,1,10,0
2020-01-02 10:00:01,35.03,4.000,14014.000,35.04,35.05,35.1,35.12,35.2,11,24,15,5,10,35.03,35.02,34.99,34.98,34.97,4,13,8,1,10,0
2020-01-02 10:00:04,35.03,4.000,14012.000,35.03,35.04,35.05,35.1,35.12,1,11,24,15,5,35.02,34.99,34.98,34.97,34.96,13,8,1,10,21,0
2020-01-02 10:00:13,35.02,2.000,7004.000,35.03,35.04,35.05,35.1,35.12,1,11,24,15,5,35.02,34.99,34.98,34.97,34.96,11,8,1,10,21,0
2020-01-02 10:00:16,35.02,2.000,7004.000,35.03,35.04,35.05,35.1,35.12,1,11,24,15,5,35.02,34.99,34.98,34.97,34.96,9,8,1,10,21,0
2020-01-02 10:00:19,35.02,3.000,10506.000,35.03,35.04,35.05,35.1,35.12,1,11,24,15,5,35.02,34.99,34.98,34.97,34.96,6,8,1,10,21,0
2020-01-02 10:00:22,35.02,6.000,21012.000,35.03,35.04,35.05,35.1,35.12,1,6,24,15,5,34.99,34.98,34.97,34.96,34.95,8,1,10,21,40,0
2020-01-02 10:00:25,35.03,4.000,14010.000,35.02,35.04,35.05,35.1,35.12,8,6,24,15,5,34.99,34.98,34.97,34.96,34.95,8,1,10,21,40,1
2020-01-02 10:01:01,34.95,70.000,244779.000,35.02,35.04,35.05,35.1,35.12,32,6,24,15,5,34.95,34.93,34.92,34.91,34.9,20,2,7,5,2,0
2020-01-02 10:01:10,35,1.000,3500.000,35.01,35.02,35.04,35.05,35.1,2,36,6,24,15,34.95,34.93,34.92,34.91,34.9,20,2,7,5,2,1
2020-01-02 10:01:22,35.01,1.000,3501.000,35.01,35.02,35.04,35.05,35.1,1,36,6,24,15,34.98,34.95,34.93,34.92,34.91,3,20,2,7,5,1
2020-01-02 10:01:31,34.98,3.000,10494.000,34.98,35.01,35.02,35.04,35.05,5,1,36,6,24,34.95,34.93,34.92,34.91,34.9,20,2,7,5,2,0
2020-01-02 10:02:04,34.98,5.000,17490.000,34.98,35,35.01,35.02,35.03,67,2,2,34,2,34.96,34.95,34.93,34.92,34.91,10,20,2,7,5,1
2020-01-02 10:02:28,34.98,10.000,34980.000,34.98,35,35.01,35.02,35.03,57,2,2,33,2,34.97,34.96,34.95,34.93,34.92,2,5,30,2,10,1
2020-01-02 10:02:35,34.98,5.000,17490.000,34.98,35,35.01,35.02,35.03,48,2,2,33,2,34.97,34.96,34.95,34.93,34.92,2,5,30,2,10,1
2020-01-02 10:02:49,34.98,4.000,13992.000,34.98,35,35.01,35.02,35.03,44,2,2,33,2,34.97,34.96,34.95,34.93,34.92,2,5,30,2,10,1
2020-01-02 10:02:52,34.98,40.000,139920.000,34.98,35,35.01,35.02,35.03,4,2,2,33,2,34.97,34.96,34.95,34.93,34.92,2,5,30,2,10,1
2020-01-02 10:03:07,34.98,3.000,10494.000,34.98,35,35.01,35.02,35.03,1,2,2,33,2,34.97,34.96,34.95,34.93,34.92,2,5,30,2,10,1
2020-01-02 10:03:16,34.97,2.000,6994.000,34.97,34.98,35,35.01,35.02,7,1,2,2,33,34.96,34.95,34.93,34.92,34.91,7,30,2,10,5,0
2020-01-02 10:03:31,34.97,6.000,20982.000,34.97,34.98,35,35.01,35.02,29,1,2,2,2,34.96,34.95,34.93,34.92,34.91,12,30,2,10,5,1
2020-01-02 10:03:37,34.97,1.000,3497.000,34.97,34.98,35,35.01,35.02,36,1,2,2,2,34.96,34.95,34.93,34.92,34.91,12,30,2,10,5,1
2020-01-02 10:03:46,34.97,35.000,122395.000,34.97,34.98,35,35.01,35.02,1,1,2,2,2,34.96,34.95,34.93,34.92,34.91,12,30,2,10,5,1
2020-01-02 10:04:25,34.97,1.000,3497.000,34.98,35,35.03,35.04,35.05,1,2,2,6,29,34.97,34.96,34.95,34.93,34.92,9,12,30,2,10,1
2020-01-02 10:04:32,34.97,2.000,6994.000,34.98,35,35.03,35.04,35.05,1,2,2,6,29,34.97,34.96,34.95,34.93,34.92,17,12,30,2,10,0
2020-01-02 10:04:37,34.98,1.000,3498.000,35,35.03,35.04,35.05,35.1,2,2,6,29,25,34.98,34.97,34.96,34.95,34.93,5,17,12,30,2,1
2020-01-02 10:04:55,34.97,10.000,34975.000,35,35.03,35.04,35.05,35.1,2,2,6,29,25,34.97,34.96,34.95,34.93,34.92,12,12,30,2,10,0
2020-01-02 10:05:16,35,1.000,3500.000,35,35.03,35.04,35.05,35.1,3,7,6,29,25,34.98,34.97,34.96,34.95,34.93,7,12,12,30,2,1
2020-01-02 10:05:25,35,3.000,10500.000,35.03,35.04,35.05,35.1,35.12,7,14,29,25,5,35,34.99,34.98,34.97,34.96,1,14,7,12,12,1
2020-01-02 10:05:31,34.98,21.000,73474.000,34.98,35.03,35.04,35.05,35.1,10,7,14,29,25,34.97,34.96,34.95,34.93,34.92,12,12,30,2,10,0
2020-01-02 10:05:49,34.98,10.000,35680.000,35.03,35.04,35.05,35.1,35.12,7,14,29,25,5,35,34.97,34.96,34.95,34.93,7,17,12,30,2,1
2020-01-02 10:06:31,35.03,2.000,7006.000,35.03,35.04,35.05,35.1,35.12,35,14,29,25,5,35,34.98,34.97,34.96,34.95,18,1,7,18,40,1
2020-01-02 10:07:46,35.01,3.000,10503.000,35.02,35.03,35.04,35.05,35.1,10,35,14,29,16,35.01,35,34.98,34.97,34.96,10,19,3,2,19,0
2020-01-02 10:08:08,35.05,50.000,175196.000,35.05,35.1,35.12,35.22,35.25,8,39,5,13,40,35.01,35,34.98,34.97,34.96,10,19,3,2,19,1
2020-01-02 10:08:13,35.01,10.000,35010.000,35.01,35.05,35.1,35.12,35.22,20,8,39,5,13,35,34.98,34.97,34.96,34.95,19,3,2,19,49,0
2020-01-02 10:08:22,35.01,20.000,70020.000,35.05,35.1,35.12,35.22,35.25,8,16,5,13,40,35,34.98,34.97,34.96,34.95,19,3,2,19,49,1
2020-01-02 10:08:28,35.01,3.000,10503.000,35.05,35.1,35.12,35.22,35.25,8,16,5,13,40,35.01,35,34.98,34.97,34.96,3,19,3,7,19,0
2020-01-02 10:09:04,35.05,10.000,35050.000,35.05,35.09,35.1,35.12,35.22,19,11,16,5,13,35.01,35,34.98,34.97,34.96,33,19,3,7,19,1
2020-01-02 10:09:22,35.01,33.000,115533.000,35.01,35.05,35.09,35.1,35.12,181,19,11,4,5,35,34.98,34.97,34.96,34.95,21,3,7,19,49,0
2020-01-02 10:09:37,35.01,14.000,49014.000,35.01,35.08,35.09,35.1,35.12,173,1,11,4,5,35,34.98,34.97,34.96,34.95,21,3,7,19,49,1
2020-01-02 10:10:07,35.01,3.000,10503.000,35.01,35.08,35.09,35.1,35.12,170,1,11,4,5,35,34.98,34.97,34.96,34.95,21,3,7,22,53,1
2020-01-02 10:10:28,35.01,6.000,21006.000,35.01,35.08,35.09,35.1,35.12,158,1,11,4,5,35,34.98,34.97,34.96,34.95,23,3,12,22,53,1
2020-01-02 10:10:31,35,2.000,7000.000,35.01,35.08,35.09,35.1,35.12,158,1,11,4,5,35,34.98,34.97,34.96,34.95,21,3,12,22,53,0
2020-01-02 10:10:55,35,22.000,76300.000,34.99,35.08,35.09,35.1,35.12,7,1,11,4,5,34.98,34.97,34.96,34.95,34.93,3,12,22,53,2,0
2020-01-02 10:11:01,35.08,8.000,27997.000,35.08,35.09,35.1,35.12,35.22,0,11,4,5,13,34.98,34.97,34.96,34.95,34.93,3,12,22,53,2,1
2020-01-02 10:11:19,34.95,95.000,333482.000,34.95,35.09,35.1,35.12,35.22,63,11,4,5,13,34.93,34.92,34.91,34.9,34.89,2,16,5,4,4,0
2020-01-02 10:11:22,34.95,1.000,3495.000,34.95,35.09,35.1,35.12,35.22,62,11,4,5,13,34.93,34.92,34.91,34.9,34.89,2,16,5,4,4,1
2020-01-02 10:11:34,34.95,10.000,34950.000,34.95,35.09,35.1,35.12,35.22,52,11,4,5,13,34.93,34.92,34.91,34.9,34.89,2,16,5,4,4,1
2020-01-02 10:11:40,34.95,52.000,181740.000,35.1,35.12,35.22,35.25,35.26,4,5,13,40,10,34.95,34.94,34.93,34.92,34.91,8,13,8,16,5,1
2020-01-02 10:12:28,34.96,1.000,3496.000,35.08,35.09,35.1,35.12,35.2,3,9,10,9,1,34.96,34.95,34.94,34.93,34.92,14,11,13,7,16,1
2020-01-02 10:12:52,34.97,5.000,17520.000,35.08,35.09,35.1,35.12,35.2,14,9,10,9,1,34.97,34.96,34.95,34.94,34.93,11,20,10,13,9,1
2020-01-02 10:13:31,34.98,1.000,3498.000,35.07,35.08,35.09,35.1,35.12,9,37,9,8,4,34.97,34.96,34.95,34.94,34.93,4,35,14,13,11,1
2020-01-02 10:14:01,34.98,15.000,52470.000,34.98,35.06,35.07,35.08,35.1,4,6,9,37,8,34.97,34.96,34.95,34.94,34.93,20,35,14,13,11,0
2020-01-02 10:14:16,34.98,1.000,3498.000,34.98,35.06,35.07,35.08,35.1,3,6,9,37,8,34.97,34.96,34.95,34.94,34.93,12,35,14,13,6,1
2020-01-02 10:14:28,34.98,3.000,10494.000,35.06,35.07,35.08,35.1,35.12,6,9,37,8,4,34.98,34.97,34.96,34.95,34.94,11,15,24,14,13,1
2020-01-02 10:15:16,35,7.000,24500.000,35,35.06,35.07,35.08,35.1,82,15,9,37,8,34.99,34.98,34.97,34.96,34.95,31,11,12,24,12,1
2020-01-02 10:15:22,35,1.000,3500.000,35,35.06,35.07,35.08,35.1,81,15,9,37,8,34.99,34.98,34.97,34.96,34.95,31,11,12,24,15,1
2020-01-02 10:15:28,34.99,18.000,62982.000,35,35.06,35.07,35.08,35.1,89,8,7,35,6,34.99,34.98,34.97,34.96,34.95,13,11,10,24,15,0
2020-01-02 10:15:31,35,35.000,122489.000,35,35.06,35.07,35.08,35.1,65,8,7,35,6,34.99,34.98,34.97,34.96,34.95,11,11,10,37,15,1
2020-01-02 10:15:34,34.99,25.000,87489.000,34.99,35,35.06,35.07,35.08,7,51,8,7,35,34.98,34.97,34.96,34.95,34.94,3,10,37,15,13,0
2020-01-02 10:15:40,34.98,3.000,10494.000,34.98,34.99,35,35.06,35.07,3,23,48,6,5,34.97,34.96,34.95,34.94,34.93,10,37,15,13,6,0
2020-01-02 10:15:49,34.99,5.000,17492.000,34.99,35,35.06,35.07,35.08,25,48,6,5,33,34.97,34.96,34.95,34.94,34.93,10,37,15,13,6,1
2020-01-02 10:15:55,34.97,15.000,52467.000,34.99,35,35.06,35.07,35.08,25,48,6,5,33,34.97,34.96,34.95,34.94,34.93,5,37,15,13,6,0
2020-01-02 10:16:13,34.99,1.000,3499.000,34.99,35,35.06,35.07,35.08,22,47,6,5,33,34.97,34.96,34.95,34.94,34.93,7,22,15,13,6,1
2020-01-02 10:16:37,34.97,11.000,38467.000,34.99,35,35.06,35.07,35.08,16,43,6,5,33,34.97,34.96,34.95,34.94,34.93,1,22,15,13,6,0
2020-01-02 10:16:49,34.97,1.000,3497.000,34.97,34.99,35,35.06,35.07,1,16,43,6,5,34.96,34.95,34.93,34.92,34.91,22,15,6,31,5,0
2020-01-02 10:16:55,34.97,1.000,3497.000,34.99,35,35.06,35.07,35.08,16,43,6,5,33,34.96,34.95,34.93,34.92,34.91,22,15,6,31,5,1
2020-01-02 10:17:55,34.97,1.000,3497.000,34.98,34.99,35,35.06,35.07,13,46,43,1,5,34.97,34.96,34.95,34.93,34.92,4,22,15,8,31,0
2020-01-02 10:18:01,34.98,13.000,45474.000,34.99,35,35.06,35.07,35.08,46,43,1,5,33,34.98,34.97,34.96,34.95,34.93,7,4,22,15,8,1
2020-01-02 10:18:04,34.98,5.000,17490.000,34.99,35,35.06,35.07,35.08,46,43,1,5,33,34.98,34.97,34.96,34.95,34.93,2,4,22,15,8,0
2020-01-02 10:18:28,34.98,9.000,31482.000,34.99,35,35.06,35.07,35.08,50,43,1,5,33,34.98,34.97,34.96,34.95,34.93,1,7,22,15,8,0
2020-01-02 10:19:25,34.98,1.000,3498.000,34.98,34.99,35,35.06,35.07,16,55,43,1,5,34.97,34.96,34.95,34.93,34.92,15,24,15,11,31,0
2020-01-02 10:19:58,34.98,1.000,3498.000,34.98,34.99,35,35.06,35.07,24,52,43,1,5,34.97,34.96,34.95,34.93,34.92,25,24,15,9,31,1
2020-01-02 10:20:10,34.97,4.000,13988.000,34.98,34.99,35,35.06,35.07,24,52,43,1,5,34.97,34.96,34.95,34.93,34.92,21,24,15,9,31,0
2020-01-02 10:20:16,34.98,3.000,10494.000,34.98,34.99,35,35.06,35.07,21,52,43,1,5,34.97,34.96,34.95,34.93,34.92,21,24,15,9,31,1
2020-01-02 10:20:19,34.97,2.000,6994.000,34.98,34.99,35,35.06,35.07,21,52,43,1,5,34.97,34.96,34.95,34.93,34.92,19,24,15,9,31,0
2020-01-02 10:20:22,34.98,1.000,3498.000,34.98,34.99,35,35.06,35.07,20,52,43,1,5,34.97,34.96,34.95,34.93,34.92,19,24,15,9,31,1
2020-01-02 10:20:34,34.97,19.000,66443.000,34.97,34.98,34.99,35,35.06,1,12,52,43,1,34.96,34.95,34.93,34.92,34.91,24,15,9,31,7,0
2020-01-02 10:20:55,34.97,5.000,17485.000,34.98,34.99,35,35.06,35.07,12,52,43,1,5,34.97,34.96,34.95,34.93,34.92,2,24,15,9,31,1
2020-01-02 10:22:22,34.99,20.000,69968.000,34.99,35,35.05,35.06,35.07,38,43,1,1,5,34.97,34.96,34.95,34.93,34.92,11,9,15,9,31,1
2020-01-02 10:23:37,34.99,5.000,17495.000,34.99,35,35.05,35.06,35.07,33,43,1,1,5,34.97,34.96,34.95,34.93,34.92,10,9,15,9,31,1
2020-01-02 10:23:43,34.99,10.000,34990.000,34.99,35,35.05,35.06,35.07,23,43,1,1,5,34.97,34.96,34.95,34.93,34.92,10,9,15,9,31,1
2020-01-02 10:23:46,34.97,2.000,6994.000,34.99,35,35.05,35.06,35.07,23,43,1,1,5,34.97,34.96,34.95,34.93,34.92,8,9,15,9,31,0
2020-01-02 10:24:07,35,49.000,171493.000,35.05,35.06,35.07,35.08,35.1,1,1,5,3,13,34.97,34.96,34.95,34.93,34.92,14,14,15,9,31,1
2020-01-02 10:24:28,35.08,10.000,35070.000,35.1,35.16,35.2,35.22,35.24,13,1,20,13,5,35.05,35,34.99,34.97,34.96,1,25,1,14,14,1
2020-01-02 10:24:40,35.1,10.000,35100.000,35.1,35.16,35.2,35.22,35.24,3,1,20,13,5,35.05,35.01,35,34.99,34.97,4,1,25,1,14,1
2020-01-02 10:24:46,35.1,3.000,10530.000,35.16,35.2,35.22,35.24,35.25,1,20,13,5,40,35.1,35.05,35.01,35,34.99,8,4,1,10,1,1
2020-01-02 10:24:52,35.01,5.000,17521.000,35,35.16,35.2,35.22,35.24,11,1,20,13,5,34.99,34.97,34.96,34.95,34.93,1,14,13,15,19,0
2020-01-02 10:24:58,35,4.000,14000.000,35,35.16,35.2,35.22,35.24,8,10,20,13,5,34.99,34.97,34.96,34.95,34.93,1,14,13,15,19,0
2020-01-02 10:25:01,35,8.000,28000.000,35.16,35.2,35.22,35.24,35.25,10,20,13,5,40,35.1,34.99,34.97,34.96,34.95,10,1,14,13,15,1
2020-01-02 10:25:19,35.1,6.000,21060.000,35.15,35.16,35.19,35.2,35.22,6,10,11,20,13,35.1,35,34.99,34.97,34.96,4,37,1,14,13,1
2020-01-02 10:25:25,35.1,4.000,14040.000,35.1,35.15,35.16,35.18,35.19,4,6,14,1,11,35,34.99,34.97,34.96,34.95,85,1,14,13,11,0
2020-01-02 10:25:28,35.15,10.000,35130.000,35.1,35.16,35.18,35.19,35.2,5,14,1,11,20,35,34.99,34.97,34.96,34.95,85,1,9,13,11,1
2020-01-02 10:25:31,35.1,3.000,10530.000,35.1,35.16,35.18,35.19,35.2,2,14,1,11,20,35.01,35,34.99,34.97,34.96,30,85,1,9,13,0
2020-01-02 10:25:37,35.1,2.000,7020.000,35.16,35.18,35.19,35.2,35.22,14,1,11,20,13,35.1,35.01,35,34.99,34.97,1,31,95,1,24,1
2020-01-02 10:25:40,35.16,7.000,24600.000,35.16,35.18,35.19,35.2,35.22,9,1,11,20,13,35.01,35,34.99,34.97,34.96,31,65,1,24,13,1
2020-01-02 10:25:46,35.01,13.000,45513.000,35.14,35.16,35.18,35.19,35.2,1,8,1,11,20,35.01,35,34.99,34.97,34.96,18,65,1,24,13,0
2020-01-02 10:25:58,35.16,9.000,31642.000,35.18,35.19,35.2,35.22,35.24,1,16,20,13,5,35.17,35.01,35,34.99,34.97,1,18,65,1,29,1
2020-01-02 10:26:04,35.17,1.000,3517.000,35.17,35.18,35.19,35.2,35.22,4,1,16,20,13,35.05,35.02,35.01,35,34.99,28,177,2,65,1,1
2020-01-02 10:26:07,35.19,13.000,45738.000,35.19,35.2,35.22,35.24,35.25,8,20,13,5,40,35.05,35.02,35.01,35,34.99,28,177,2,65,1,1
2020-01-02 10:26:37,35.14,3.000,10542.000,35.15,35.16,35.17,35.19,35.2,9,3,1,3,20,35.14,35.11,35.06,35.05,35.02,7,2,3,28,34,0
2020-01-02 10:26:52,35.14,7.000,24598.000,35.13,35.14,35.15,35.16,35.17,64,1,9,3,1,35.11,35.06,35.05,35.02,35.01,2,3,28,34,4,0
2020-01-02 10:26:58,35.13,15.000,52695.000,35.13,35.14,35.15,35.16,35.17,49,7,9,3,1,35.11,35.06,35.05,35.02,35.01,2,3,28,34,5,0
2020-01-02 10:27:10,35.11,1.000,3511.000,35.13,35.14,35.15,35.16,35.17,49,6,9,3,1,35.11,35.06,35.05,35.02,35.01,1,5,28,34,5,0
2020-01-02 10:27:13,35.13,5.000,17565.000,35.13,35.15,35.16,35.17,35.18,44,9,3,1,12,35.11,35.06,35.05,35.02,35.01,1,5,28,34,5,1
2020-01-02 10:27:25,35.13,11.000,38643.000,35.13,35.15,35.16,35.17,35.18,33,9,3,1,12,35.11,35.06,35.02,35.01,35,1,5,34,5,69,1
2020-01-02 10:27:37,35.13,1.000,3513.000,35.13,35.15,35.16,35.17,35.18,34,9,3,1,12,35.11,35.06,35.02,35.01,35,18,5,34,5,69,1
2020-01-02 10:27:40,35.13,17.000,59721.000,35.13,35.15,35.16,35.17,35.18,17,9,3,1,12,35.11,35.06,35.02,35.01,35,18,5,34,5,72,1
2020-01-02 10:27:52,35.13,10.000,35128.000,35.13,35.15,35.16,35.17,35.18,9,9,3,1,12,35.11,35.06,35.02,35.01,35,18,5,34,5,72,1
2020-01-02 10:27:58,35.13,2.000,7026.000,35.13,35.15,35.16,35.17,35.18,7,9,3,1,12,35.11,35.06,35.02,35.01,35,18,5,34,5,72,1
2020-01-02 10:28:07,35.13,7.000,24591.000,35.15,35.16,35.17,35.18,35.19,9,3,1,12,5,35.11,35.06,35.02,35.01,35,18,5,34,5,72,1
2020-01-02 10:28:10,35.15,9.000,31635.000,35.16,35.17,35.18,35.19,35.2,3,1,12,2,20,35.15,35.11,35.06,35.02,35.01,1,18,6,34,5,1
2020-01-02 10:28:13,35.15,1.000,3515.000,35.14,35.16,35.17,35.18,35.19,11,3,1,12,2,35.11,35.06,35.02,35.01,35,18,6,34,5,72,0
2020-01-02 10:28:19,35.14,1.000,3514.000,35.14,35.16,35.17,35.18,35.19,10,3,1,12,2,35.11,35.06,35.02,35.01,35,18,6,34,5,72,0
2020-01-02 10:28:43,35.14,10.000,35140.000,35.15,35.16,35.17,35.18,35.19,1,3,1,12,2,35.12,35.11,35.06,35.02,35.01,24,18,6,34,5,1
2020-01-02 10:28:55,35.15,1.000,3515.000,35.16,35.17,35.18,35.19,35.2,3,1,12,2,20,35.15,35.14,35.13,35.12,35.11,6,24,3,24,18,1
2020-01-02 10:29:07,35.18,10.000,35173.000,35.18,35.19,35.2,35.22,35.24,6,2,20,13,5,35.15,35.14,35.13,35.12,35.11,6,26,3,24,18,1
2020-01-02 10:29:49,35.18,2.000,7036.000,35.18,35.19,35.2,35.22,35.24,4,12,20,13,5,35.16,35.14,35.13,35.12,35.11,5,29,3,24,1,1
2020-01-02 10:29:52,35.18,4.000,14072.000,35.19,35.2,35.22,35.24,35.25,12,20,13,5,42,35.18,35.16,35.14,35.13,35.12,15,5,29,3,24,1
2020-01-02 10:29:55,35.18,6.000,21108.000,35.19,35.2,35.22,35.24,35.25,12,20,13,5,42,35.18,35.16,35.14,35.13,35.12,9,5,29,3,24,0
2020-01-02 10:30:07,35.19,12.000,42228.000,35.2,35.22,35.24,35.25,35.26,20,13,5,42,16,35.19,35.18,35.14,35.13,35.12,3,9,29,3,24,1
2020-01-02 10:30:10,35.19,1.000,3519.000,35.2,35.22,35.24,35.25,35.26,20,13,5,42,16,35.19,35.18,35.14,35.13,35.12,2,9,29,3,24,0
2020-01-02 10:30:16,35.19,2.000,7038.000,35.19,35.2,35.22,35.24,35.25,21,20,13,5,42,35.18,35.14,35.13,35.12,35.11,9,29,3,24,34,0
2020-01-02 10:31:01,35.22,56.000,197124.000,35.24,35.25,35.26,35.28,35.29,5,42,16,0,8,35.22,35.19,35.18,35.15,35.14,69,1,9,3,29,1
2020-01-02 10:31:07,35.22,1.000,3522.000,35.24,35.25,35.26,35.28,35.29,5,42,16,0,8,35.23,35.19,35.18,35.15,35.14,1,1,9,3,29,0
2020-01-02 10:31:16,35.23,1.000,3523.000,35.24,35.25,35.26,35.28,35.29,6,42,16,0,8,35.23,35.19,35.18,35.15,35.14,2,1,9,3,29,1
2020-01-02 10:31:19,35.24,6.000,21144.000,35.25,35.26,35.28,35.29,35.3,42,16,0,8,6,35.23,35.18,35.15,35.14,35.13,2,9,3,29,3,1
2020-01-02 10:31:22,35.23,5.000,17615.000,35.23,35.25,35.26,35.28,35.29,6,42,16,0,8,35.18,35.15,35.14,35.13,35.12,9,3,29,3,24,0
2020-01-02 10:31:25,35.23,6.000,21138.000,35.25,35.26,35.28,35.29,35.3,42,16,0,8,6,35.24,35.18,35.15,35.14,35.13,46,9,3,29,3,1
2020-01-02 10:31:34,35.25,6.000,21145.000,35.25,35.26,35.28,35.29,35.3,41,16,0,8,6,35.24,35.19,35.18,35.15,35.14,44,4,9,3,29,1
2020-01-02 10:31:43,35.24,6.000,21144.000,35.25,35.26,35.28,35.29,35.3,41,16,0,13,6,35.24,35.19,35.18,35.15,35.14,38,4,9,3,26,0
2020-01-02 10:31:46,35.24,7.000,24668.000,35.25,35.26,35.28,35.29,35.3,41,16,0,13,6,35.24,35.19,35.18,35.15,35.14,31,4,9,3,26,0
2020-01-02 10:31:49,35.24,3.000,10572.000,35.25,35.26,35.28,35.29,35.3,41,16,0,13,6,35.24,35.19,35.18,35.15,35.14,28,4,9,3,26,0
2020-01-02 10:31:55,35.25,21.000,74025.000,35.25,35.26,35.28,35.29,35.3,20,16,5,13,6,35.24,35.19,35.18,35.15,35.14,28,4,9,3,26,1
2020-01-02 10:32:04,35.25,10.000,35250.000,35.25,35.26,35.28,35.29,35.3,10,16,5,13,6,35.24,35.19,35.18,35.15,35.14,28,4,9,3,26,1
2020-01-02 10:32:10,35.25,10.000,35250.000,35.26,35.28,35.29,35.3,35.34,16,5,5,6,1,35.25,35.24,35.23,35.19,35.18,2,28,1,4,9,1
2020-01-02 10:32:19,35.26,16.000,56416.000,35.28,35.29,35.3,35.34,35.35,5,5,6,1,4,35.26,35.25,35.24,35.23,35.19,4,17,28,1,4,1
2020-01-02 10:32:22,35.26,3.000,10578.000,35.28,35.29,35.3,35.34,35.35,5,5,6,1,4,35.26,35.25,35.24,35.23,35.19,2,20,28,1,4,0
2020-01-02 10:32:52,35.28,1.000,3528.000,35.28,35.29,35.3,35.34,35.35,4,5,8,1,4,35.27,35.26,35.25,35.24,35.19,7,22,18,28,4,1
2020-01-02 10:32:55,35.3,10.000,35286.000,35.3,35.34,35.35,35.38,35.39,7,1,4,1,1,35.28,35.27,35.26,35.25,35.24,1,7,22,18,28,1
2020-01-02 10:33:07,35.3,8.000,25416.000,35.34,35.35,35.38,35.39,35.42,1,4,1,1,1,35.3,35.29,35.28,35.26,35.25,27,13,8,22,18,1
2020-01-02 10:33:10,35.3,4.000,14120.000,35.34,35.35,35.38,35.39,35.42,1,4,1,14,1,35.29,35.28,35.26,35.25,35.24,13,8,22,18,28,0
2020-01-02 10:33:13,35.29,10.000,35290.000,35.34,35.35,35.38,35.39,35.42,1,4,1,14,1,35.29,35.28,35.26,35.25,35.24,3,9,22,18,28,0
2020-01-02 10:33:19,35.3,28.000,98840.000,35.3,35.34,35.35,35.38,35.39,2,1,4,1,14,35.29,35.28,35.26,35.25,35.24,3,1,22,18,28,1
2020-01-02 10:33:28,35.3,2.000,7060.000,35.3,35.34,35.35,35.38,35.39,5,1,4,1,14,35.29,35.26,35.25,35.24,35.19,3,22,18,28,4,1
2020-01-02 10:33:34,35.29,4.000,14117.000,35.27,35.3,35.34,35.35,35.38,7,4,1,4,1,35.26,35.25,35.24,35.19,35.18,22,18,28,4,9,0
2020-01-02 10:33:37,35.27,1.000,3527.000,35.27,35.3,35.34,35.35,35.38,6,4,1,4,1,35.26,35.25,35.24,35.19,35.18,22,18,28,4,9,0
2020-01-02 10:33:46,35.26,18.000,63468.000,35.27,35.29,35.3,35.34,35.35,15,1,4,1,5,35.26,35.25,35.24,35.19,35.18,4,18,28,4,9,0
2020-01-02 10:33:49,35.27,7.000,24689.000,35.27,35.29,35.3,35.34,35.35,8,1,4,1,5,35.26,35.25,35.24,35.19,35.18,4,18,28,4,9,1
2020-01-02 10:33:53,35.26,1.000,3526.000,35.27,35.29,35.3,35.34,35.35,8,1,4,1,5,35.26,35.25,35.24,35.19,35.18,3,18,28,4,29,0
2020-01-02 10:33:58,35.27,3.000,10581.000,35.27,35.29,35.3,35.34,35.35,5,1,4,1,5,35.26,35.25,35.24,35.19,35.18,3,18,28,4,29,1
2020-01-02 10:34:04,35.27,5.000,17635.000,35.29,35.3,35.34,35.35,35.38,1,4,1,5,22,35.27,35.26,35.25,35.24,35.19,9,3,18,28,4,1
2020-01-02 10:34:49,35.28,5.000,17640.000,35.29,35.3,35.34,35.35,35.38,2,5,1,20,22,35.28,35.27,35.26,35.25,35.24,8,9,3,18,16,1
2020-01-02 10:34:56,35.28,3.000,10584.000,35.29,35.3,35.34,35.35,35.38,2,5,4,20,22,35.28,35.27,35.26,35.25,35.24,5,9,3,18,16,0
2020-01-02 10:35:05,35.28,5.000,17640.000,35.28,35.29,35.3,35.34,35.35,1,2,5,4,20,35.27,35.26,35.25,35.24,35.18,9,3,18,13,29,0
2020-01-02 10:35:25,35.28,1.000,3528.000,35.29,35.3,35.34,35.35,35.38,2,5,10,9,22,35.27,35.26,35.25,35.24,35.18,9,3,18,13,29,1
2020-01-02 10:35:32,35.27,3.000,10581.000,35.29,35.3,35.34,35.35,35.38,2,5,10,9,22,35.27,35.26,35.25,35.24,35.18,6,3,18,13,29,0
2020-01-02 10:35:37,35.29,2.000,7058.000,35.3,35.34,35.35,35.38,35.39,5,10,9,22,14,35.29,35.27,35.26,35.25,35.24,2,6,3,18,13,1
2020-01-02 10:35:46,35.27,8.000,28220.000,35.27,35.3,35.34,35.35,35.38,4,5,10,9,22,35.26,35.25,35.24,35.18,35.15,3,18,13,29,4,0
2020-01-02 10:35:58,35.27,4.000,14108.000,35.27,35.3,35.34,35.35,35.38,1,5,10,9,22,35.26,35.25,35.24,35.18,35.15,3,18,13,29,4,1
2020-01-02 10:36:02,35.26,3.000,10578.000,35.26,35.27,35.3,35.34,35.35,12,1,8,10,9,35.25,35.24,35.18,35.15,35.14,18,13,29,4,26,0
2020-01-02 10:36:07,35.26,2.000,7052.000,35.26,35.27,35.29,35.3,35.34,10,1,5,8,10,35.25,35.24,35.18,35.15,35.14,18,13,29,4,26,1
2020-01-02 10:36:10,35.29,15.000,52903.000,35.29,35.3,35.34,35.35,35.38,1,7,10,9,22,35.25,35.24,35.18,35.15,35.14,13,13,29,4,26,1
2020-01-02 10:36:40,35.29,2.000,7058.000,35.29,35.3,35.33,35.34,35.35,1,7,1,9,9,35.26,35.25,35.24,35.18,35.15,47,13,13,29,1,1
2020-01-02 10:36:43,35.29,3.000,10587.000,35.29,35.3,35.33,35.34,35.35,3,7,1,9,9,35.26,35.25,35.24,35.18,35.15,47,13,13,29,1,1
2020-01-02 10:37:04,35.29,33.000,116457.000,35.3,35.33,35.34,35.35,35.36,7,1,9,9,27,35.29,35.26,35.25,35.24,35.18,10,41,10,13,29,1
2020-01-02 10:37:10,35.3,7.000,24710.000,35.34,35.35,35.36,35.37,35.38,9,9,27,20,22,35.3,35.29,35.26,35.25,35.24,6,10,42,10,13,1
2020-01-02 10:37:16,35.3,1.000,3530.000,35.34,35.35,35.36,35.37,35.38,9,9,27,20,22,35.3,35.29,35.26,35.25,35.24,5,10,42,10,13,0
2020-01-02 10:37:25,35.3,3.000,10590.000,35.34,35.35,35.36,35.37,35.38,15,9,27,20,22,35.3,35.29,35.26,35.25,35.24,2,13,42,10,13,0
2020-01-02 10:37:31,35.3,1.000,3530.000,35.34,35.35,35.36,35.37,35.38,15,9,27,20,22,35.3,35.29,35.26,35.25,35.24,6,13,5,10,13,0
2020-01-02 10:37:40,35.3,6.000,21180.000,35.34,35.35,35.36,35.37,35.38,15,8,29,20,22,35.29,35.26,35.25,35.24,35.18,13,5,10,13,29,0
2020-01-02 10:38:10,35.3,3.000,10590.000,35.33,35.34,35.35,35.36,35.37,7,13,8,29,20,35.3,35.29,35.26,35.25,35.18,9,13,5,10,29,1
2020-01-02 10:38:13,35.3,2.000,7060.000,35.33,35.34,35.35,35.36,35.37,3,11,8,29,20,35.3,35.29,35.26,35.25,35.18,7,13,5,10,29,0
2020-01-02 10:38:22,35.3,2.000,7060.000,35.33,35.34,35.35,35.36,35.37,17,11,8,29,20,35.3,35.29,35.26,35.25,35.18,10,13,5,10,29,0
2020-01-02 10:38:25,35.3,10.000,35300.000,35.3,35.33,35.34,35.35,35.36,15,20,11,8,29,35.29,35.26,35.25,35.18,35.15,13,5,10,29,1,0
2020-01-02 10:38:34,35.3,1.000,3530.000,35.3,35.33,35.34,35.35,35.36,25,18,11,8,29,35.29,35.26,35.25,35.18,35.15,13,5,10,29,1,1
2020-01-02 10:38:37,35.29,1.000,3529.000,35.3,35.33,35.34,35.35,35.36,23,18,11,8,29,35.29,35.26,35.25,35.18,35.15,12,5,10,29,1,0
2020-01-02 10:38:43,35.3,13.000,45890.000,35.3,35.33,35.34,35.35,35.36,12,18,11,8,29,35.29,35.26,35.25,35.18,35.15,12,5,10,29,1,1
2020-01-02 10:38:46,35.29,8.000,28232.000,35.3,35.33,35.34,35.35,35.36,12,18,11,8,29,35.29,35.26,35.25,35.18,35.15,4,5,10,29,1,0
2020-01-02 10:38:55,35.3,4.000,14120.000,35.3,35.33,35.34,35.35,35.36,8,15,11,8,29,35.29,35.26,35.25,35.18,35.15,4,5,10,29,1,1
2020-01-02 10:38:58,35.29,4.000,14116.000,35.29,35.3,35.33,35.34,35.35,1,10,14,11,8,35.26,35.25,35.18,35.15,35.14,5,10,29,1,26,0
2020-01-02 10:39:25,35.27,11.000,38797.000,35.29,35.3,35.32,35.33,35.34,10,10,1,12,11,35.27,35.26,35.25,35.18,35.15,2,5,10,29,1,0
2020-01-02 10:39:37,35.27,2.000,7054.000,35.27,35.28,35.29,35.3,35.32,1,1,8,6,1,35.26,35.25,35.18,35.15,35.14,5,10,29,1,26,0
2020-01-02 10:39:43,35.27,1.000,3527.000,35.29,35.3,35.33,35.34,35.35,8,6,12,11,8,35.27,35.26,35.25,35.18,35.15,2,5,10,29,1,1
2020-01-02 10:39:46,35.27,2.000,7054.000,35.28,35.29,35.3,35.33,35.34,1,8,6,12,11,35.26,35.25,35.18,35.15,35.14,5,10,29,1,26,0
2020-01-02 10:40:01,35.27,5.000,17635.000,35.27,35.28,35.29,35.3,35.33,1,3,8,24,12,35.26,35.25,35.18,35.15,35.14,5,10,29,1,26,0
2020-01-02 10:40:43,35.26,1.000,3526.000,35.27,35.28,35.29,35.3,35.33,15,3,8,24,12,35.26,35.25,35.18,35.15,35.14,1,10,29,1,26,0
2020-01-02 10:40:49,35.25,3.000,10576.000,35.27,35.28,35.29,35.3,35.33,15,3,8,24,12,35.25,35.18,35.15,35.14,35.13,8,29,1,26,5,0
2020-01-02 10:41:40,35.26,5.000,17630.000,35.27,35.29,35.3,35.33,35.34,15,6,22,12,11,35.26,35.25,35.24,35.19,35.18,1,8,8,2,39,1
2020-01-02 10:42:01,35.25,9.000,31726.000,35.25,35.27,35.29,35.3,35.33,21,15,6,22,12,35.24,35.19,35.18,35.15,35.14,8,2,29,1,26,0
2020-01-02 10:42:28,35.24,3.000,10572.000,35.25,35.27,35.29,35.3,35.33,23,15,6,22,12,35.24,35.19,35.18,35.15,35.14,5,2,29,1,26,0
2020-01-02 10:42:43,35.24,6.000,21145.000,35.25,35.27,35.29,35.3,35.33,24,15,6,22,12,35.19,35.18,35.15,35.14,35.13,2,29,1,26,5,0
2020-01-02 10:43:37,35.24,2.000,7048.000,35.24,35.25,35.27,35.29,35.3,20,24,1,1,22,35.19,35.18,35.15,35.14,35.13,3,29,1,26,5,1
2020-01-02 10:44:04,35.23,1.000,3523.000,35.23,35.24,35.25,35.27,35.29,5,20,20,1,1,35.2,35.19,35.18,35.15,35.14,13,5,29,1,26,0
2020-01-02 10:44:10,35.23,4.000,14092.000,35.23,35.24,35.25,35.27,35.29,1,20,20,1,1,35.2,35.19,35.18,35.15,35.14,13,5,29,1,26,1
2020-01-02 10:44:13,35.23,1.000,3523.000,35.24,35.25,35.27,35.29,35.3,10,20,1,1,22,35.2,35.19,35.18,35.15,35.14,13,5,29,1,26,1
2020-01-02 10:44:25,35.2,13.000,45760.000,35.2,35.24,35.25,35.27,35.29,7,10,20,1,1,35.19,35.18,35.15,35.14,35.13,5,29,1,26,5,0
2020-01-02 10:44:34,35.2,7.000,24640.000,35.24,35.25,35.27,35.29,35.3,10,20,1,1,22,35.2,35.19,35.18,35.15,35.14,2,5,29,1,26,1
2020-01-02 10:45:07,35.25,20.000,70500.000,35.27,35.29,35.3,35.33,35.34,1,1,22,2,8,35.25,35.24,35.19,35.18,35.15,19,10,5,29,1,1
2020-01-02 10:45:10,35.27,1.000,3527.000,35.29,35.3,35.33,35.34,35.35,1,22,2,8,8,35.25,35.24,35.19,35.18,35.15,19,10,5,29,1,1
2020-01-02 10:45:13,35.25,10.000,35252.000,35.29,35.3,35.33,35.34,35.35,1,22,2,8,8,35.25,35.24,35.19,35.18,35.15,15,10,5,29,1,0
2020-01-02 10:45:16,35.25,1.000,3525.000,35.29,35.3,35.33,35.34,35.35,1,22,2,8,8,35.25,35.24,35.19,35.18,35.15,14,10,5,29,1,0
2020-01-02 10:45:19,35.25,10.000,35250.000,35.28,35.29,35.3,35.33,35.34,1,1,22,2,8,35.25,35.24,35.19,35.18,35.15,4,10,5,29,1,0
2020-01-02 10:46:13,35.26,4.000,14104.000,35.28,35.29,35.3,35.33,35.34,11,3,22,2,8,35.26,35.25,35.24,35.19,35.18,9,4,10,3,29,1
2020-01-02 10:46:25,35.26,1.000,3526.000,35.27,35.28,35.29,35.3,35.33,2,5,1,22,2,35.26,35.25,35.24,35.23,35.19,8,4,10,7,3,0
2020-01-02 10:46:29,35.26,6.000,21156.000,35.27,35.28,35.29,35.3,35.33,2,7,1,22,2,35.26,35.24,35.23,35.19,35.18,2,10,7,3,29,0
2020-01-02 10:46:31,35.26,2.000,7052.000,35.26,35.27,35.28,35.29,35.3,11,2,7,1,22,35.24,35.23,35.19,35.18,35.15,10,7,3,29,1,0
2020-01-02 10:46:38,35.24,4.000,14096.000,35.26,35.28,35.29,35.3,35.33,1,2,1,22,2,35.24,35.23,35.19,35.18,35.15,6,7,3,29,1,0
2020-01-02 10:46:40,35.24,2.000,7048.000,35.26,35.28,35.29,35.3,35.33,1,2,1,22,2,35.24,35.23,35.19,35.18,35.15,4,7,3,29,1,0
2020-01-02 10:46:43,35.24,2.000,7048.000,35.26,35.28,35.29,35.3,35.33,1,2,1,22,2,35.24,35.23,35.19,35.18,35.15,2,12,3,29,1,0
2020-01-02 10:46:46,35.24,2.000,7048.000,35.26,35.28,35.29,35.3,35.33,1,2,1,22,2,35.23,35.19,35.18,35.15,35.14,12,3,29,1,26,0
2020-01-02 10:47:05,35.23,7.000,24661.000,35.25,35.26,35.27,35.28,35.29,2,1,13,3,67,35.23,35.19,35.18,35.15,35.14,5,3,29,1,26,0
2020-01-02 10:47:07,35.23,5.000,17615.000,35.23,35.25,35.26,35.27,35.28,5,2,1,13,3,35.19,35.18,35.15,35.14,35.13,3,29,1,26,5,0
2020-01-02 10:47:19,35.19,3.000,10557.000,35.19,35.22,35.25,35.26,35.27,2,1,2,8,13,35.18,35.15,35.14,35.13,35.12,29,1,26,5,46,0
2020-01-02 10:47:40,35.19,2.000,7038.000,35.19,35.25,35.26,35.27,35.28,1,17,8,13,3,35.18,35.15,35.14,35.13,35.12,29,1,26,5,46,1
2020-01-02 10:47:43,35.18,3.000,10554.000,35.19,35.24,35.25,35.26,35.27,1,5,17,8,13,35.18,35.15,35.14,35.13,35.12,26,1,26,5,46,0
2020-01-02 10:48:01,35.18,5.000,17590.000,35.19,35.24,35.25,35.26,35.27,1,5,17,8,13,35.18,35.15,35.14,35.13,35.12,21,1,26,5,46,0
2020-01-02 10:48:34,35.19,2.000,7037.000,35.24,35.25,35.26,35.27,35.28,5,17,1,13,3,35.19,35.18,35.15,35.14,35.13,4,20,6,26,5,1
2020-01-02 10:48:37,35.19,4.000,14076.000,35.24,35.25,35.26,35.27,35.28,5,17,1,13,3,35.18,35.15,35.14,35.13,35.12,20,6,26,5,46,0
2020-01-02 10:49:10,35.18,20.000,70360.000,35.18,35.23,35.24,35.25,35.26,5,14,5,17,1,35.15,35.14,35.13,35.12,35.11,6,26,5,46,1,0
2020-01-02 10:50:13,35.15,16.000,56240.000,35.15,35.18,35.22,35.23,35.25,16,5,7,14,17,35.14,35.13,35.12,35.11,35.1,26,5,46,1,10,0
2020-01-02 10:50:22,35.18,8.000,28839.000,35.22,35.23,35.25,35.26,35.28,7,14,17,2,2,35.18,35.14,35.13,35.12,35.11,39,26,5,46,1,1
2020-01-02 10:50:25,35.18,13.000,45734.000,35.22,35.23,35.25,35.26,35.28,7,16,17,2,2,35.18,35.15,35.14,35.13,35.12,26,2,26,5,46,0
2020-01-02 10:50:34,35.18,26.000,91468.000,35.2,35.22,35.23,35.25,35.26,30,7,16,17,2,35.18,35.15,35.14,35.13,35.12,0,2,26,5,46,0
2020-01-02 10:50:40,35.18,1.000,2814.000,35.18,35.2,35.21,35.22,35.23,23,30,5,7,16,35.15,35.14,35.13,35.12,35.11,2,26,5,46,1,0
2020-01-02 10:51:55,35.16,1.000,3516.000,35.17,35.18,35.2,35.23,35.25,5,29,30,2,16,35.16,35.15,35.14,35.13,35.12,4,6,26,5,46,0
2020-01-02 10:52:19,35.17,1.000,3517.000,35.17,35.18,35.2,35.23,35.25,9,29,30,2,16,35.16,35.15,35.14,35.13,35.12,4,6,26,5,46,1
2020-01-02 10:52:25,35.17,3.000,10551.000,35.17,35.18,35.2,35.23,35.25,6,29,30,2,16,35.16,35.15,35.14,35.13,35.12,9,6,26,5,46,1
2020-01-02 10:52:28,35.17,6.000,21102.000,35.18,35.2,35.23,35.25,35.26,29,30,2,16,2,35.17,35.16,35.15,35.14,35.13,4,9,6,26,5,1
2020-01-02 10:53:31,35.18,5.000,17590.000,35.18,35.2,35.23,35.25,35.26,24,30,2,16,2,35.17,35.16,35.15,35.14,35.13,6,9,2,26,5,1
2020-01-02 10:53:34,35.17,7.000,24619.000,35.17,35.18,35.2,35.23,35.25,3,24,30,2,16,35.16,35.15,35.14,35.13,35.12,9,2,26,5,46,0
2020-01-02 10:53:37,35.17,3.000,10551.000,35.18,35.2,35.23,35.25,35.26,24,30,2,16,2,35.17,35.16,35.15,35.14,35.13,2,9,2,26,5,1
2020-01-02 10:54:04,35.18,1.000,3518.000,35.18,35.2,35.23,35.25,35.26,17,30,2,16,2,35.17,35.16,35.15,35.14,35.13,2,9,2,26,5,1
2020-01-02 10:54:10,35.17,2.000,7034.000,35.17,35.18,35.2,35.23,35.25,11,17,30,2,16,35.16,35.15,35.14,35.13,35.12,9,2,26,5,46,0
2020-01-02 10:54:22,35.18,31.000,109044.000,35.2,35.23,35.25,35.26,35.28,30,2,16,2,2,35.18,35.16,35.15,35.14,35.13,19,9,2,26,5,1
2020-01-02 10:55:10,35.2,30.000,105600.000,35.23,35.25,35.26,35.28,35.29,2,16,2,2,67,35.2,35.18,35.16,35.15,35.14,37,19,9,2,26,1
2020-01-02 10:55:13,35.25,18.000,63446.000,35.26,35.28,35.29,35.3,35.33,2,2,67,9,2,35.25,35.2,35.18,35.16,35.15,28,37,19,9,2,1
2020-01-02 10:55:25,35.26,1.000,3526.000,35.26,35.28,35.29,35.3,35.33,1,2,67,9,2,35.25,35.2,35.18,35.16,35.15,28,37,19,9,2,1
2020-01-02 10:55:46,35.28,2.000,7056.000,35.29,35.3,35.33,35.34,35.35,67,9,2,8,8,35.18,35.16,35.15,35.14,35.13,19,9,2,26,5,1
2020-01-02 10:56:01,35.29,28.000,98797.000,35.28,35.29,35.3,35.33,35.34,10,54,9,2,8,35.18,35.16,35.15,35.14,35.13,19,9,2,26,5,1
2020-01-02 10:56:28,35.18,5.000,17590.000,35.28,35.29,35.3,35.33,35.34,10,54,10,2,8,35.18,35.16,35.15,35.14,35.13,14,9,2,26,5,0
2020-01-02 10:56:31,35.29,11.000,38809.000,35.29,35.3,35.33,35.34,35.35,53,10,2,8,8,35.18,35.16,35.15,35.14,35.13,14,9,2,26,5,1
2020-01-02 10:56:40,35.28,4.000,14112.000,35.28,35.29,35.3,35.33,35.34,3,53,10,2,8,35.19,35.18,35.16,35.15,35.14,11,14,9,2,26,0
2020-01-02 10:57:10,35.28,1.000,3528.000,35.28,35.29,35.3,35.33,35.34,8,53,10,2,8,35.19,35.18,35.16,35.15,35.14,16,19,9,2,26,1
2020-01-02 10:58:55,35.2,1.000,3520.000,35.26,35.27,35.28,35.29,35.3,1,3,15,53,9,35.2,35.19,35.18,35.16,35.15,6,5,29,9,2,0
2020-01-02 11:00:10,35.22,1.000,3522.000,35.26,35.27,35.28,35.29,35.3,7,3,22,39,9,35.21,35.2,35.19,35.18,35.16,1,3,5,24,9,1
2020-01-02 11:01:19,35.22,1.000,3522.000,35.26,35.27,35.28,35.29,35.3,9,3,22,39,9,35.22,35.21,35.2,35.19,35.18,40,1,3,5,14,0
2020-01-02 11:02:40,35.24,1.000,3524.000,35.25,35.26,35.27,35.28,35.29,22,7,3,22,39,35.23,35.21,35.19,35.18,35.16,3,1,5,14,9,1
2020-01-02 11:02:55,35.25,1.000,3525.000,35.25,35.26,35.27,35.28,35.29,21,7,3,22,39,35.23,35.21,35.19,35.18,35.16,3,1,5,14,9,1
2020-01-02 11:03:22,35.25,6.000,21150.000,35.25,35.26,35.27,35.28,35.29,15,7,3,22,39,35.23,35.21,35.19,35.18,35.16,3,1,5,14,9,1
2020-01-02 11:03:40,35.23,2.000,7046.000,35.25,35.26,35.27,35.28,35.29,15,48,3,22,39,35.23,35.21,35.19,35.18,35.16,1,1,5,14,9,0
2020-01-02 11:03:49,35.23,1.000,3523.000,35.24,35.25,35.26,35.27,35.28,1,50,48,3,20,35.21,35.19,35.18,35.16,35.15,1,5,14,9,2,0
2020-01-02 11:04:22,35.23,2.000,7046.000,35.23,35.24,35.25,35.26,35.27,5,1,49,48,3,35.21,35.19,35.18,35.16,35.15,1,5,14,9,2,0
2020-01-02 11:05:01,35.21,1.000,3521.000,35.23,35.25,35.26,35.27,35.28,4,48,48,3,20,35.19,35.18,35.16,35.14,35.13,5,14,9,26,5,0
2020-01-02 11:05:07,35.23,2.000,7046.000,35.23,35.25,35.26,35.27,35.28,2,48,48,3,20,35.19,35.18,35.16,35.14,35.13,5,14,9,26,5,1
2020-01-02 11:05:49,35.23,2.000,7046.000,35.23,35.25,35.26,35.27,35.28,4,48,7,3,20,35.19,35.18,35.16,35.14,35.13,5,14,9,24,5,1
2020-01-02 11:06:58,35.23,2.000,7046.000,35.23,35.25,35.26,35.27,35.28,22,48,7,3,6,35.19,35.18,35.16,35.14,35.13,5,14,9,24,7,1
2020-01-02 11:07:25,35.19,1.000,3519.000,35.23,35.25,35.26,35.27,35.28,21,48,7,3,6,35.19,35.18,35.16,35.14,35.13,4,14,9,24,7,0
2020-01-02 11:07:43,35.19,4.000,14076.000,35.19,35.23,35.25,35.26,35.27,2,22,48,7,3,35.18,35.16,35.14,35.13,35.12,14,9,24,7,24,0
2020-01-02 11:08:04,35.19,2.000,7038.000,35.23,35.25,35.26,35.27,35.28,22,48,7,3,6,35.19,35.18,35.16,35.14,35.13,3,14,9,24,7,1
2020-01-02 11:08:40,35.19,1.000,3519.000,35.22,35.23,35.25,35.26,35.27,13,22,48,7,3,35.19,35.18,35.16,35.14,35.13,2,22,9,24,7,0
2020-01-02 11:09:28,35.22,14.000,49308.000,35.23,35.25,35.26,35.27,35.28,21,48,7,3,6,35.22,35.2,35.19,35.18,35.16,6,23,12,22,9,1
2020-01-02 11:09:49,35.22,3.000,10566.000,35.23,35.25,35.26,35.27,35.28,22,48,7,3,6,35.22,35.2,35.19,35.18,35.16,3,23,12,22,9,0
2020-01-02 11:09:55,35.23,22.000,77506.000,35.25,35.26,35.27,35.28,35.29,48,7,3,6,39,35.23,35.22,35.2,35.19,35.18,10,3,23,12,22,1
2020-01-02 11:10:13,35.22,16.000,56362.000,35.22,35.25,35.26,35.27,35.28,70,48,7,3,6,35.2,35.19,35.18,35.16,35.14,23,12,22,9,24,0
2020-01-02 11:10:19,35.22,7.000,24654.000,35.22,35.25,35.26,35.27,35.28,63,48,7,3,6,35.2,35.19,35.18,35.16,35.14,23,12,22,9,24,1
2020-01-02 11:11:22,35.2,3.000,10560.000,35.22,35.25,35.26,35.27,35.28,64,48,7,3,6,35.2,35.19,35.18,35.16,35.14,20,12,22,9,24,0
2020-01-02 11:11:55,35.2,1.000,3520.000,35.22,35.23,35.25,35.26,35.27,64,44,48,7,3,35.2,35.19,35.18,35.16,35.14,19,12,22,9,24,0
2020-01-02 11:12:28,35.2,3.000,10560.000,35.21,35.22,35.25,35.26,35.27,2,64,35,7,3,35.2,35.19,35.18,35.16,35.14,16,12,22,9,24,0
2020-01-02 11:12:37,35.21,16.000,56336.000,35.22,35.25,35.26,35.27,35.28,64,79,7,3,6,35.21,35.2,35.19,35.18,35.16,3,16,12,22,9,1
2020-01-02 11:12:46,35.21,1.000,3521.000,35.22,35.25,35.26,35.27,35.28,64,79,7,3,6,35.21,35.2,35.19,35.18,35.16,2,16,12,22,9,0
2020-01-02 11:12:58,35.21,17.000,59873.000,35.22,35.25,35.26,35.27,35.28,48,79,7,3,6,35.21,35.2,35.19,35.18,35.16,1,6,12,22,9,0
2020-01-02 11:15:01,35.21,1.000,3521.000,35.22,35.25,35.26,35.27,35.28,48,79,1,3,6,35.21,35.2,35.19,35.18,35.16,3,8,10,32,9,0
2020-01-02 11:15:31,35.21,3.000,10563.000,35.21,35.22,35.25,35.26,35.27,5,48,79,1,3,35.2,35.19,35.18,35.16,35.14,8,10,32,9,24,0
2020-01-02 11:15:37,35.21,1.000,3521.000,35.21,35.22,35.25,35.26,35.27,4,48,79,1,3,35.2,35.19,35.18,35.16,35.14,8,10,32,9,24,1
2020-01-02 11:15:49,35.2,3.000,10560.000,35.21,35.22,35.25,35.26,35.27,4,48,79,1,3,35.2,35.19,35.18,35.16,35.14,5,10,32,9,24,0
2020-01-02 11:16:01,35.2,4.000,14080.000,35.21,35.22,35.25,35.26,35.27,4,48,79,1,3,35.2,35.19,35.18,35.16,35.14,1,10,32,9,24,0
2020-01-02 11:16:40,35.2,1.000,3520.000,35.21,35.22,35.25,35.26,35.27,4,48,79,1,3,35.19,35.18,35.16,35.14,35.13,10,32,9,24,7,0
2020-01-02 11:18:25,35.19,1.000,3519.000,35.21,35.22,35.25,35.26,35.27,4,58,79,1,3,35.19,35.18,35.16,35.14,35.13,9,32,9,24,12,0
2020-01-02 11:19:34,35.21,1.000,3521.000,35.21,35.22,35.25,35.26,35.27,4,58,79,1,3,35.2,35.19,35.18,35.16,35.14,2,13,32,9,24,1
2020-01-02 11:19:58,35.2,1.000,3520.000,35.21,35.22,35.25,35.26,35.27,4,58,79,1,3,35.2,35.19,35.18,35.16,35.14,20,13,32,9,24,0
2020-01-02 11:20:16,35.21,4.000,14084.000,35.22,35.25,35.26,35.27,35.28,58,79,1,3,6,35.2,35.19,35.18,35.16,35.14,20,13,32,9,24,1
2020-01-02 11:20:37,35.22,12.000,42263.000,35.22,35.24,35.25,35.26,35.27,47,20,79,1,3,35.2,35.19,35.18,35.16,35.14,28,13,32,9,24,1
2020-01-02 11:21:55,35.22,51.000,179620.000,35.24,35.25,35.26,35.27,35.28,20,79,1,3,6,35.22,35.2,35.19,35.18,35.16,1,28,13,32,9,1
2020-01-02 11:22:01,35.23,3.000,10567.000,35.24,35.25,35.26,35.27,35.28,20,79,1,3,6,35.22,35.2,35.19,35.18,35.16,3,28,13,32,9,1
2020-01-02 11:22:40,35.22,4.000,14088.000,35.22,35.23,35.24,35.25,35.26,6,1,21,79,1,35.2,35.19,35.18,35.16,35.14,28,13,32,9,24,0
2020-01-02 11:22:49,35.22,1.000,3522.000,35.22,35.24,35.25,35.26,35.27,5,21,79,1,3,35.2,35.19,35.18,35.16,35.14,28,13,32,9,24,1
2020-01-02 11:23:46,35.22,2.000,7044.000,35.22,35.24,35.25,35.26,35.27,7,21,79,1,3,35.2,35.19,35.18,35.16,35.14,28,13,32,9,24,1
2020-01-02 11:24:10,35.24,29.000,102182.000,35.25,35.26,35.27,35.28,35.29,79,1,3,6,39,35.24,35.21,35.2,35.19,35.18,5,2,28,13,32,1
2020-01-02 11:24:16,35.24,3.000,10572.000,35.25,35.26,35.27,35.28,35.29,79,1,3,6,39,35.24,35.21,35.2,35.19,35.18,2,2,28,13,32,0
2020-01-02 11:26:28,35.24,2.000,7048.000,35.25,35.26,35.27,35.28,35.29,36,1,45,6,39,35.21,35.2,35.19,35.18,35.16,4,28,13,32,9,0
2020-01-02 11:26:49,35.21,4.000,14084.000,35.21,35.24,35.25,35.26,35.27,6,1,36,1,45,35.2,35.19,35.18,35.16,35.14,28,13,32,9,24,0
2020-01-02 11:27:07,35.2,20.000,70400.000,35.2,35.21,35.24,35.25,35.26,27,6,1,36,1,35.19,35.18,35.16,35.14,35.13,13,32,9,24,12,0
2020-01-02 11:27:25,35.19,1.000,3519.000,35.2,35.21,35.24,35.25,35.26,28,6,1,35,1,35.19,35.18,35.16,35.14,35.13,12,32,9,24,12,0
2020-01-02 11:27:43,35.19,7.000,24633.000,35.2,35.21,35.24,35.25,35.26,38,6,1,35,1,35.19,35.18,35.16,35.14,35.13,5,22,9,24,12,0
2020-01-02 11:28:01,35.19,1.000,3519.000,35.2,35.21,35.24,35.25,35.26,38,6,7,35,1,35.19,35.18,35.16,35.15,35.14,4,22,9,10,24,0
2020-01-02 11:28:28,35.19,1.000,3519.000,35.2,35.21,35.24,35.25,35.26,38,6,7,35,1,35.19,35.18,35.16,35.15,35.14,3,22,9,10,24,0
2020-01-02 11:28:34,35.19,3.000,10557.000,35.19,35.2,35.21,35.24,35.25,2,38,6,7,35,35.18,35.16,35.15,35.14,35.13,22,9,10,24,10,0
2020-01-02 11:29:07,35.19,2.000,7038.000,35.2,35.21,35.24,35.25,35.26,28,6,7,35,1,35.19,35.18,35.16,35.15,35.14,3,22,9,10,24,1
2020-01-02 11:29:10,35.19,1.000,3519.000,35.2,35.21,35.24,35.25,35.26,27,6,7,35,1,35.19,35.18,35.16,35.15,35.14,2,22,9,10,24,0
2020-01-02 11:29:28,35.19,2.000,7038.000,35.2,35.21,35.24,35.25,35.26,27,6,7,35,1,35.18,35.16,35.15,35.14,35.13,22,9,10,24,10,0
2020-01-02 13:00:07,35.2,32.000,112640.000,35.21,35.24,35.25,35.26,35.27,6,6,35,1,45,35.2,35.18,35.16,35.15,35.14,12,22,34,12,24,1
2020-01-02 13:00:16,35.21,6.000,21126.000,35.24,35.25,35.26,35.27,35.28,6,35,1,45,6,35.21,35.2,35.18,35.16,35.15,1,22,23,34,12,1
2020-01-02 13:00:46,35.21,1.000,3521.000,35.24,35.25,35.26,35.27,35.28,6,35,1,45,6,35.2,35.18,35.16,35.15,35.14,22,23,34,12,24,0
2020-01-02 13:01:37,35.24,9.000,31716.000,35.25,35.26,35.27,35.28,35.29,35,1,45,6,39,35.24,35.2,35.18,35.16,35.15,6,22,23,34,12,1
2020-01-02 13:01:43,35.24,1.000,3524.000,35.25,35.26,35.27,35.28,35.29,35,1,45,6,39,35.24,35.2,35.18,35.16,35.15,5,22,23,34,12,0
2020-01-02 13:01:49,35.24,2.000,7048.000,35.25,35.26,35.27,35.28,35.29,35,1,45,6,39,35.24,35.2,35.18,35.16,35.15,3,22,23,34,12,0
2020-01-02 13:01:55,35.24,3.000,10572.000,35.24,35.25,35.26,35.27,35.28,2,35,1,45,6,35.2,35.18,35.16,35.15,35.14,22,23,34,12,24,0
2020-01-02 13:03:07,35.22,1.000,3522.000,35.23,35.24,35.25,35.26,35.27,1,3,35,1,45,35.22,35.21,35.2,35.18,35.16,1,5,22,23,34,0
2020-01-02 13:04:16,35.22,2.000,7044.000,35.23,35.24,35.25,35.26,35.27,1,2,35,1,45,35.21,35.2,35.18,35.16,35.15,5,22,23,34,12,0
2020-01-02 13:04:22,35.21,1.000,3521.000,35.24,35.25,35.26,35.27,35.28,2,35,1,45,6,35.21,35.2,35.18,35.16,35.15,4,22,23,34,12,0
2020-01-02 13:04:28,35.22,1.000,3522.000,35.24,35.25,35.26,35.27,35.28,2,35,1,45,6,35.22,35.21,35.2,35.18,35.16,4,4,22,23,14,1
2020-01-02 13:05:45,35.23,1.000,3523.000,35.24,35.25,35.26,35.27,35.28,3,35,1,45,6,35.22,35.21,35.2,35.18,35.16,4,4,22,23,14,1
2020-01-02 13:06:01,35.23,1.000,3523.000,35.23,35.24,35.25,35.26,35.27,3,3,35,1,45,35.22,35.21,35.2,35.18,35.16,4,4,22,23,14,1
2020-01-02 13:06:49,35.23,4.000,14092.000,35.23,35.24,35.25,35.26,35.27,1,2,35,1,45,35.22,35.21,35.2,35.18,35.16,6,14,22,23,14,1
2020-01-02 13:06:52,35.23,1.000,3523.000,35.24,35.25,35.26,35.27,35.28,2,35,1,45,6,35.23,35.22,35.21,35.2,35.18,1,6,14,22,23,1
2020-01-02 13:07:40,35.24,6.000,21144.000,35.24,35.25,35.26,35.27,35.28,6,35,1,45,6,35.23,35.22,35.21,35.2,35.18,5,6,14,22,23,1
2020-01-02 13:07:55,35.24,6.000,21144.000,35.25,35.26,35.27,35.28,35.29,35,1,45,6,39,35.24,35.23,35.22,35.21,35.2,4,5,6,14,22,1
2020-01-02 13:08:46,35.24,3.000,10572.000,35.25,35.26,35.27,35.28,35.29,36,1,45,16,39,35.24,35.23,35.22,35.21,35.2,2,5,6,14,22,0
2020-01-02 13:08:52,35.25,6.000,21150.000,35.25,35.26,35.27,35.28,35.29,30,1,45,16,39,35.24,35.23,35.22,35.21,35.2,2,5,6,14,22,1
2020-01-02 13:09:04,35.24,1.000,3524.000,35.25,35.26,35.27,35.28,35.29,30,1,45,16,39,35.24,35.23,35.22,35.21,35.2,1,5,6,14,22,0
2020-01-02 13:09:13,35.25,1.000,3525.000,35.25,35.26,35.27,35.28,35.29,29,1,45,16,39,35.24,35.23,35.22,35.21,35.2,1,4,6,14,22,1
2020-01-02 13:09:19,35.25,8.000,28200.000,35.25,35.26,35.27,35.28,35.29,21,1,45,16,39,35.24,35.23,35.22,35.21,35.2,1,4,6,14,22,1
2020-01-02 13:09:58,35.24,1.000,3524.000,35.25,35.26,35.27,35.28,35.29,20,1,45,16,39,35.24,35.23,35.22,35.21,35.2,1,4,2,14,22,0
2020-01-02 13:10:10,35.25,7.000,24675.000,35.25,35.26,35.27,35.28,35.29,13,1,45,16,39,35.24,35.23,35.22,35.21,35.2,1,4,2,14,22,1
2020-01-02 13:10:19,35.24,1.000,3524.000,35.24,35.25,35.26,35.27,35.28,4,14,1,45,16,35.23,35.22,35.21,35.2,35.19,4,2,14,22,1,0
2020-01-02 13:10:49,35.23,4.000,14092.000,35.24,35.25,35.26,35.27,35.28,5,13,1,45,16,35.22,35.21,35.2,35.18,35.16,2,14,22,23,14,0
2020-01-02 13:11:01,35.22,2.000,7044.000,35.22,35.23,35.24,35.25,35.26,2,4,5,13,1,35.21,35.2,35.18,35.16,35.15,14,22,23,14,2,0
2020-01-02 13:11:31,35.21,4.000,14084.000,35.22,35.23,35.25,35.26,35.27,4,1,13,1,45,35.21,35.2,35.18,35.16,35.15,11,22,23,14,2,0
2020-01-02 13:11:34,35.21,1.000,3521.000,35.22,35.23,35.25,35.26,35.27,4,1,13,1,45,35.21,35.2,35.18,35.16,35.15,10,22,23,14,2,0
2020-01-02 13:11:40,35.21,10.000,35210.000,35.21,35.22,35.23,35.25,35.26,6,4,1,13,1,35.2,35.18,35.16,35.15,35.14,23,23,14,2,24,0
2020-01-02 13:12:07,35.2,5.000,17600.000,35.21,35.23,35.25,35.26,35.27,1,1,13,1,45,35.2,35.18,35.16,35.15,35.14,18,23,14,2,24,0
2020-01-02 13:12:16,35.2,8.000,28160.000,35.21,35.25,35.26,35.27,35.28,2,13,1,45,16,35.2,35.18,35.16,35.15,35.14,10,23,14,2,24,0
2020-01-02 13:12:25,35.2,4.000,14080.000,35.21,35.25,35.26,35.27,35.28,2,13,1,45,16,35.2,35.18,35.16,35.15,35.14,6,23,14,2,24,0
2020-01-02 13:12:52,35.2,1.000,3520.000,35.21,35.25,35.26,35.27,35.28,2,13,1,45,16,35.2,35.18,35.16,35.15,35.14,11,23,14,2,24,0
2020-01-02 13:13:04,35.2,3.000,10560.000,35.21,35.25,35.26,35.27,35.28,2,13,1,45,16,35.2,35.18,35.16,35.15,35.14,11,23,14,2,24,0
2020-01-02 13:13:19,35.21,2.000,7042.000,35.25,35.26,35.27,35.28,35.29,13,1,45,16,39,35.21,35.2,35.18,35.16,35.15,8,11,23,14,2,1
2020-01-02 13:14:28,35.2,20.000,70408.000,35.2,35.23,35.24,35.25,35.26,2,1,1,14,1,35.19,35.18,35.16,35.15,35.14,10,23,14,2,24,0
2020-01-02 13:14:37,35.19,1.000,3519.000,35.2,35.21,35.24,35.25,35.26,2,14,1,19,1,35.19,35.18,35.16,35.15,35.14,9,23,14,2,24,0
2020-01-02 13:15:13,35.19,3.000,10557.000,35.2,35.21,35.24,35.25,35.26,8,14,1,19,1,35.19,35.18,35.16,35.15,35.14,7,23,14,2,24,0
2020-01-02 13:15:37,35.19,5.000,17595.000,35.2,35.21,35.24,35.25,35.26,4,14,1,19,1,35.19,35.18,35.16,35.15,35.14,2,23,14,2,24,0
2020-01-02 13:15:43,35.19,1.000,3519.000,35.2,35.21,35.24,35.25,35.26,4,14,1,19,1,35.19,35.18,35.16,35.15,35.14,1,23,14,2,24,0
2020-01-02 13:16:04,35.21,6.000,21122.000,35.21,35.24,35.25,35.26,35.27,12,1,22,1,45,35.19,35.18,35.16,35.15,35.14,1,23,14,2,24,1
2020-01-02 13:16:28,35.21,1.000,3521.000,35.21,35.24,35.25,35.26,35.27,11,1,22,2,44,35.18,35.16,35.15,35.14,35.13,23,14,2,24,7,1
2020-01-02 13:16:34,35.21,5.000,17605.000,35.21,35.24,35.25,35.26,35.27,6,1,22,2,44,35.19,35.18,35.16,35.15,35.14,1,25,14,2,24,1
2020-01-02 13:16:58,35.2,1.000,3520.000,35.21,35.24,35.25,35.26,35.27,6,1,21,2,44,35.19,35.18,35.16,35.15,35.14,3,23,14,2,24,0
2020-01-02 13:17:13,35.19,1.000,3519.000,35.2,35.21,35.24,35.25,35.26,23,7,1,21,2,35.19,35.18,35.16,35.15,35.14,2,23,14,2,24,0
2020-01-02 13:17:31,35.19,2.000,7038.000,35.19,35.2,35.21,35.24,35.25,3,23,7,1,21,35.18,35.16,35.15,35.14,35.13,23,14,2,24,7,0
2020-01-02 13:17:46,35.18,1.000,3518.000,35.19,35.2,35.21,35.24,35.25,7,23,7,1,21,35.18,35.16,35.15,35.14,35.13,22,14,2,24,7,0
2020-01-02 13:17:55,35.18,17.000,59806.000,35.19,35.2,35.21,35.24,35.25,7,23,7,1,21,35.18,35.16,35.15,35.14,35.13,5,15,2,24,7,0
2020-01-02 13:18:01,35.18,1.000,3518.000,35.19,35.2,35.21,35.24,35.25,7,23,7,1,21,35.18,35.16,35.15,35.14,35.13,4,15,2,24,7,0
2020-01-02 13:18:04,35.19,6.000,21114.000,35.19,35.2,35.21,35.24,35.25,1,23,7,1,21,35.18,35.16,35.15,35.14,35.13,4,15,2,24,7,1
2020-01-02 13:18:07,35.18,3.000,10554.000,35.19,35.2,35.21,35.24,35.25,1,23,7,1,21,35.18,35.16,35.15,35.14,35.13,1,15,2,24,7,0
2020-01-02 13:18:16,35.18,1.000,3518.000,35.18,35.19,35.2,35.21,35.24,4,1,23,7,1,35.16,35.15,35.14,35.13,35.09,15,2,24,7,2,0
2020-01-02 13:18:31,35.16,2.000,7033.000,35.18,35.19,35.2,35.21,35.24,4,1,23,7,1,35.16,35.15,35.14,35.13,35.09,14,2,24,7,2,0
2020-01-02 13:18:42,35.16,1.000,3516.000,35.18,35.19,35.2,35.21,35.24,4,1,23,7,1,35.16,35.15,35.14,35.13,35.09,13,2,24,7,2,0
2020-01-02 13:18:52,35.16,13.000,45708.000,35.16,35.18,35.19,35.2,35.21,17,7,9,23,7,35.15,35.14,35.13,35.1,35.09,2,24,7,15,2,0
2020-01-02 13:18:55,35.16,7.000,24612.000,35.16,35.18,35.19,35.2,35.21,10,7,9,23,7,35.15,35.14,35.13,35.1,35.08,2,24,7,15,2,1
2020-01-02 13:19:01,35.16,1.000,3516.000,35.16,35.18,35.19,35.2,35.21,22,7,9,23,7,35.15,35.14,35.13,35.1,35.08,2,24,7,15,2,1
2020-01-02 13:19:07,35.15,2.000,7030.000,35.16,35.18,35.19,35.2,35.21,22,7,9,23,7,35.14,35.13,35.1,35.08,35.06,25,7,15,2,8,0
2020-01-02 13:19:28,35.16,1.000,3516.000,35.16,35.18,35.19,35.2,35.21,21,7,9,23,7,35.15,35.14,35.13,35.1,35.08,5,24,7,15,4,1
2020-01-02 13:19:46,35.15,4.000,14060.000,35.16,35.18,35.19,35.2,35.21,21,7,9,23,7,35.15,35.14,35.13,35.1,35.08,1,27,7,15,4,0
2020-01-02 13:19:58,35.15,1.000,3515.000,35.15,35.16,35.18,35.19,35.2,9,21,7,9,23,35.14,35.13,35.1,35.08,35.06,27,7,15,4,8,0
2020-01-02 13:20:01,35.15,10.000,35150.000,35.16,35.18,35.19,35.2,35.21,21,7,9,23,7,35.15,35.14,35.13,35.1,35.08,6,27,7,15,4,1
2020-01-02 13:20:07,35.16,3.000,10548.000,35.16,35.18,35.19,35.2,35.21,18,7,9,23,7,35.15,35.14,35.13,35.1,35.08,7,27,7,15,4,1
2020-01-02 13:20:16,35.2,40.000,140705.000,35.2,35.21,35.24,35.25,35.26,17,7,1,21,1,35.15,35.14,35.13,35.1,35.08,7,27,7,15,4,1
2020-01-02 13:20:25,35.2,1.000,3520.000,35.2,35.21,35.24,35.25,35.26,16,7,1,21,1,35.15,35.14,35.13,35.1,35.08,7,27,7,15,4,1
2020-01-02 13:21:43,35.16,1.000,3516.000,35.19,35.2,35.21,35.24,35.25,4,19,6,5,18,35.16,35.15,35.14,35.13,35.12,9,12,27,7,10,0
2020-01-02 13:21:49,35.19,1.000,3519.000,35.19,35.2,35.21,35.24,35.25,3,19,6,5,18,35.16,35.15,35.14,35.13,35.12,9,11,27,7,10,1
2020-01-02 13:21:55,35.19,1.000,3519.000,35.19,35.2,35.21,35.24,35.25,3,19,6,5,18,35.16,35.15,35.14,35.13,35.12,9,11,27,7,10,1
2020-01-02 13:22:43,35.16,11.000,38678.000,35.19,35.2,35.21,35.24,35.25,3,19,6,5,18,35.15,35.14,35.13,35.12,35.1,10,27,7,10,15,0
2020-01-02 13:23:01,35.15,1.000,3515.000,35.19,35.2,35.21,35.24,35.25,3,19,6,1,18,35.15,35.14,35.13,35.12,35.1,9,27,7,10,15,0
2020-01-02 13:23:52,35.17,2.000,7034.000,35.17,35.19,35.2,35.21,35.24,3,12,19,6,1,35.16,35.15,35.14,35.13,35.12,8,18,27,7,10,1
2020-01-02 13:23:58,35.17,3.000,10551.000,35.19,35.2,35.21,35.24,35.25,12,19,6,1,18,35.16,35.15,35.14,35.13,35.12,8,18,27,7,10,1
2020-01-02 13:24:34,35.16,1.000,3516.000,35.19,35.2,35.21,35.24,35.25,12,19,6,1,18,35.16,35.15,35.14,35.13,35.12,12,18,27,7,10,0
2020-01-02 13:24:40,35.19,1.000,3519.000,35.19,35.2,35.21,35.24,35.25,11,19,6,1,18,35.16,35.15,35.14,35.13,35.12,19,18,27,7,10,1
2020-01-02 13:25:07,35.19,1.000,3519.000,35.19,35.2,35.21,35.24,35.25,10,19,6,1,18,35.16,35.15,35.14,35.13,35.12,19,17,27,7,10,1
2020-01-02 13:25:10,35.19,5.000,17595.000,35.19,35.2,35.21,35.24,35.25,5,19,6,1,18,35.16,35.15,35.14,35.13,35.12,19,17,27,7,10,1
2020-01-02 13:25:22,35.19,1.000,3519.000,35.19,35.2,35.21,35.24,35.25,4,19,6,1,18,35.16,35.15,35.14,35.13,35.12,19,17,27,7,10,1
2020-01-02 13:25:25,35.19,1.000,3519.000,35.19,35.2,35.21,35.24,35.25,3,19,6,1,18,35.16,35.15,35.14,35.13,35.12,19,17,27,7,10,1
2020-01-02 13:26:13,35.19,3.000,10557.000,35.2,35.21,35.24,35.25,35.26,19,6,1,18,1,35.19,35.17,35.16,35.15,35.14,7,1,29,17,27,1
2020-01-02 13:26:22,35.17,8.000,28150.000,35.17,35.2,35.21,35.24,35.25,34,19,6,1,18,35.16,35.15,35.14,35.13,35.12,29,17,27,7,10,0
2020-01-02 13:26:25,35.17,4.000,14068.000,35.17,35.2,35.21,35.24,35.25,30,19,6,1,18,35.16,35.15,35.14,35.13,35.12,29,17,27,7,10,1
2020-01-02 13:26:31,35.17,1.000,3517.000,35.17,35.2,35.21,35.24,35.25,30,19,6,1,18,35.16,35.15,35.14,35.13,35.12,29,17,27,7,10,1
2020-01-02 13:26:37,35.16,13.000,45708.000,35.17,35.2,35.21,35.24,35.25,30,19,6,1,18,35.16,35.15,35.14,35.13,35.12,16,17,27,7,10,0
2020-01-02 13:27:19,35.16,8.000,28133.000,35.17,35.2,35.21,35.24,35.25,25,21,6,1,18,35.16,35.15,35.14,35.13,35.12,3,19,27,7,10,0
2020-01-02 13:27:28,35.17,1.000,3517.000,35.17,35.2,35.21,35.24,35.25,24,21,6,1,18,35.16,35.15,35.14,35.13,35.12,4,19,27,7,10,1
2020-01-02 13:27:46,35.17,1.000,3517.000,35.17,35.2,35.21,35.24,35.25,23,21,6,1,18,35.16,35.15,35.14,35.13,35.12,4,19,27,7,10,1
2020-01-02 13:28:01,35.16,2.000,7032.000,35.17,35.2,35.21,35.24,35.25,23,21,6,1,18,35.16,35.15,35.14,35.13,35.12,16,19,27,7,10,0
2020-01-02 13:28:25,35.16,1.000,3516.000,35.17,35.2,35.21,35.24,35.25,22,22,6,1,18,35.16,35.15,35.14,35.13,35.12,15,19,27,7,10,0
2020-01-02 13:29:04,35.17,1.000,3517.000,35.17,35.2,35.21,35.24,35.25,22,30,6,1,18,35.16,35.15,35.14,35.13,35.12,15,19,27,7,10,1
2020-01-02 13:29:16,35.16,2.000,7032.000,35.17,35.2,35.21,35.24,35.25,22,30,6,1,18,35.16,35.15,35.14,35.13,35.12,13,19,27,7,10,0
2020-01-02 13:29:40,35.17,1.000,3517.000,35.2,35.21,35.24,35.25,35.26,31,6,1,18,1,35.17,35.16,35.15,35.14,35.13,1,13,19,27,7,1
2020-01-02 13:29:43,35.17,1.000,3517.000,35.2,35.21,35.24,35.25,35.26,31,6,1,18,1,35.16,35.15,35.14,35.13,35.12,13,19,27,7,10,0
2020-01-02 13:29:46,35.16,1.000,3516.000,35.2,35.21,35.24,35.25,35.26,31,6,1,18,1,35.16,35.15,35.14,35.13,35.12,12,19,27,7,10,0
2020-01-02 13:31:10,35.18,1.000,3518.000,35.18,35.2,35.21,35.24,35.25,5,31,6,2,18,35.17,35.16,35.15,35.14,35.13,11,15,15,27,7,1
2020-01-02 13:31:40,35.18,4.000,14072.000,35.18,35.2,35.21,35.24,35.25,2,31,6,2,18,35.17,35.16,35.15,35.14,35.13,11,15,15,27,7,1
2020-01-02 13:32:37,35.18,1.000,3518.000,35.18,35.2,35.21,35.24,35.25,1,30,6,1,18,35.17,35.16,35.15,35.14,35.13,11,15,15,27,7,1
2020-01-02 13:32:40,35.17,1.000,3517.000,35.2,35.21,35.24,35.25,35.26,30,6,1,18,1,35.17,35.16,35.15,35.14,35.13,10,15,15,27,7,0
2020-01-02 13:32:43,35.2,30.000,105600.000,35.18,35.19,35.21,35.24,35.25,1,1,6,1,18,35.17,35.16,35.15,35.14,35.13,10,15,15,27,7,1
2020-01-02 13:32:58,35.18,1.000,3518.000,35.21,35.24,35.25,35.26,35.27,6,1,18,1,44,35.17,35.16,35.15,35.14,35.13,10,15,15,27,7,0
2020-01-02 13:33:07,35.17,20.000,70354.000,35.21,35.22,35.24,35.25,35.26,6,1,1,18,1,35.17,35.16,35.15,35.14,35.13,4,15,15,27,7,0
2020-01-02 13:34:28,35.21,1.000,3521.000,35.21,35.22,35.24,35.25,35.26,6,1,6,18,1,35.18,35.17,35.16,35.15,35.14,15,3,15,15,27,1
2020-01-02 13:34:55,35.21,1.000,3521.000,35.21,35.22,35.24,35.25,35.26,5,1,6,18,1,35.19,35.18,35.17,35.16,35.15,1,15,3,15,15,1
2020-01-02 13:35:25,35.19,1.000,3519.000,35.21,35.22,35.24,35.25,35.26,5,1,6,18,1,35.18,35.17,35.16,35.15,35.14,15,3,15,15,27,0
2020-01-02 13:35:58,35.2,13.000,45760.000,35.21,35.22,35.24,35.25,35.26,5,1,6,18,1,35.2,35.19,35.18,35.17,35.16,7,1,15,3,15,1
2020-01-02 13:36:19,35.21,2.000,7042.000,35.21,35.22,35.24,35.25,35.26,3,1,6,18,1,35.2,35.19,35.18,35.17,35.16,7,1,15,3,15,1
2020-01-02 13:36:37,35.2,3.000,10560.000,35.21,35.24,35.25,35.26,35.27,3,6,18,1,44,35.2,35.19,35.18,35.17,35.16,5,10,15,3,15,0
2020-01-02 13:36:43,35.2,3.000,10562.000,35.21,35.23,35.24,35.25,35.26,1,1,6,18,1,35.2,35.19,35.18,35.17,35.16,4,10,15,3,15,0
2020-01-02 13:36:55,35.21,1.000,3521.000,35.23,35.24,35.25,35.26,35.27,1,6,18,1,44,35.2,35.19,35.18,35.17,35.16,4,10,15,3,15,1
2020-01-02 13:37:01,35.2,4.000,14080.000,35.23,35.24,35.25,35.26,35.27,5,6,18,1,44,35.19,35.18,35.17,35.16,35.15,10,15,3,15,15,0
2020-01-02 13:37:22,35.2,5.000,17600.000,35.23,35.24,35.25,35.26,35.27,5,1,18,1,44,35.21,35.19,35.18,35.17,35.16,1,10,15,3,15,1
2020-01-02 13:38:13,35.22,1.000,3522.000,35.23,35.24,35.25,35.26,35.27,2,4,18,1,44,35.21,35.19,35.18,35.17,35.16,3,10,15,3,15,1
2020-01-02 13:38:55,35.21,1.000,3521.000,35.22,35.23,35.24,35.25,35.26,8,2,8,18,1,35.21,35.19,35.18,35.17,35.16,2,10,15,3,15,0
2020-01-02 13:39:01,35.22,6.000,21132.000,35.22,35.23,35.24,35.25,35.26,2,2,8,18,1,35.21,35.19,35.18,35.17,35.16,4,10,15,3,15,1
2020-01-02 13:39:19,35.22,2.000,7044.000,35.23,35.24,35.25,35.26,35.27,2,8,18,1,44,35.22,35.21,35.19,35.18,35.17,8,4,10,15,3,1
2020-01-02 13:39:43,35.22,1.000,3522.000,35.23,35.24,35.25,35.26,35.27,2,8,18,56,44,35.22,35.21,35.19,35.18,35.17,11,2,10,15,3,0
2020-01-02 13:39:49,35.22,3.000,10566.000,35.23,35.24,35.25,35.26,35.27,3,8,18,56,44,35.22,35.21,35.19,35.18,35.17,8,2,10,15,3,0
2020-01-02 13:39:58,35.23,2.000,7046.000,35.23,35.24,35.25,35.26,35.27,1,8,18,56,44,35.22,35.21,35.19,35.17,35.16,9,2,10,3,15,1
2020-01-02 13:40:10,35.23,1.000,3523.000,35.24,35.25,35.26,35.27,35.28,8,18,56,44,6,35.22,35.21,35.19,35.17,35.16,9,2,10,3,3,1
2020-01-02 13:41:13,35.23,6.000,21138.000,35.24,35.25,35.26,35.27,35.28,9,18,56,44,6,35.23,35.22,35.21,35.19,35.17,21,10,2,24,3,0
2020-01-02 13:41:22,35.24,3.000,10572.000,35.24,35.25,35.26,35.27,35.28,5,18,56,44,6,35.23,35.22,35.21,35.19,35.17,22,10,2,24,3,1
2020-01-02 13:41:37,35.24,1.000,3524.000,35.24,35.25,35.26,35.27,35.28,4,18,56,44,6,35.23,35.22,35.21,35.19,35.17,22,10,2,24,3,1
2020-01-02 13:41:40,35.24,1.000,3524.000,35.24,35.25,35.26,35.27,35.28,3,18,56,44,6,35.23,35.22,35.21,35.19,35.17,22,9,2,24,3,1
2020-01-02 13:41:46,35.24,3.000,10572.000,35.25,35.26,35.27,35.28,35.29,19,56,44,6,39,35.23,35.22,35.21,35.19,35.17,23,9,2,24,3,1
2020-01-02 13:42:16,35.25,1.000,3525.000,35.25,35.26,35.27,35.28,35.29,19,56,44,6,41,35.23,35.22,35.21,35.19,35.17,23,8,2,10,3,1
2020-01-02 13:42:22,35.26,57.000,200963.000,35.26,35.27,35.28,35.29,35.3,18,44,6,41,12,35.23,35.22,35.21,35.19,35.17,23,8,2,10,3,1
2020-01-02 13:42:25,35.23,1.000,3523.000,35.24,35.26,35.27,35.28,35.29,12,18,44,6,41,35.23,35.22,35.21,35.19,35.17,22,8,2,10,3,0
2020-01-02 13:42:49,35.23,22.000,77506.000,35.23,35.24,35.26,35.27,35.28,10,12,18,44,6,35.22,35.19,35.17,35.16,35.15,8,10,3,3,15,0
2020-01-02 13:43:04,35.22,8.000,28176.000,35.22,35.23,35.24,35.26,35.27,7,10,12,18,44,35.19,35.17,35.16,35.15,35.14,10,3,3,15,27,0
2020-01-02 13:43:16,35.22,1.000,3522.000,35.22,35.23,35.24,35.26,35.27,7,10,12,18,44,35.19,35.17,35.16,35.15,35.14,10,3,3,15,27,1
2020-01-02 13:43:52,35.22,4.000,14088.000,35.22,35.23,35.24,35.26,35.27,3,10,12,22,44,35.21,35.2,35.19,35.18,35.17,5,17,10,1,3,1
2020-01-02 13:44:01,35.21,5.000,17605.000,35.22,35.23,35.24,35.26,35.27,3,10,12,18,44,35.2,35.19,35.18,35.17,35.15,17,10,1,3,15,0
2020-01-02 13:45:25,35.2,1.000,3520.000,35.22,35.23,35.25,35.26,35.27,3,10,2,18,44,35.19,35.18,35.17,35.15,35.14,10,1,3,15,27,0
2020-01-02 13:45:46,35.19,1.000,3519.000,35.22,35.23,35.25,35.26,35.27,3,10,2,18,44,35.19,35.18,35.17,35.15,35.14,21,1,3,15,27,0
2020-01-02 13:46:07,35.22,1.000,3522.000,35.22,35.23,35.25,35.26,35.27,2,10,2,18,44,35.19,35.18,35.17,35.15,35.14,21,3,20,25,27,1
2020-01-02 13:46:10,35.22,2.000,9157.000,35.23,35.25,35.26,35.27,35.28,10,2,18,44,6,35.22,35.19,35.18,35.17,35.15,8,21,3,20,25,1
2020-01-02 13:46:13,35.22,1.000,3522.000,35.23,35.25,35.26,35.27,35.28,10,2,18,44,6,35.22,35.19,35.18,35.17,35.15,7,21,2,20,25,0
2020-01-02 13:46:25,35.23,1.000,3523.000,35.23,35.25,35.26,35.27,35.28,9,2,18,44,6,35.22,35.19,35.17,35.15,35.14,7,21,20,25,27,1
2020-01-02 13:46:34,35.23,1.000,3523.000,35.23,35.25,35.26,35.27,35.28,8,2,18,44,6,35.22,35.19,35.17,35.15,35.14,7,21,20,25,27,1
2020-01-02 13:46:46,35.23,1.000,3523.000,35.23,35.25,35.26,35.27,35.28,7,2,18,44,6,35.22,35.2,35.19,35.17,35.15,6,7,21,20,25,1
2020-01-02 13:46:58,35.23,3.000,10569.000,35.23,35.25,35.26,35.27,35.28,4,11,18,44,6,35.22,35.2,35.19,35.17,35.15,6,7,21,3,25,1
2020-01-02 13:47:49,35.22,1.000,3522.000,35.23,35.25,35.26,35.27,35.28,4,12,18,44,6,35.22,35.2,35.19,35.18,35.17,6,7,21,19,3,0
2020-01-02 13:48:49,35.23,1.000,3523.000,35.23,35.25,35.26,35.27,35.28,3,10,18,44,6,35.22,35.2,35.19,35.18,35.17,6,7,21,19,3,1
2020-01-02 13:49:46,35.27,81.000,284911.000,35.28,35.29,35.3,35.35,35.36,6,39,14,19,29,35.27,35.23,35.22,35.2,35.19,219,1,6,7,21,1
2020-01-02 13:49:52,35.28,6.000,21168.000,35.29,35.3,35.35,35.36,35.37,39,14,19,29,20,35.28,35.27,35.23,35.22,35.2,2,219,1,6,7,1
2020-01-02 13:50:13,35.29,1.000,3529.000,35.29,35.3,35.35,35.36,35.37,38,14,19,29,20,35.28,35.27,35.23,35.22,35.2,3,219,1,5,7,1
2020-01-02 13:50:19,35.29,1.000,3529.000,35.29,35.3,35.35,35.36,35.37,37,14,19,29,20,35.28,35.27,35.23,35.22,35.2,3,219,1,5,7,1
2020-01-02 13:50:25,35.29,4.000,14116.000,35.29,35.3,35.35,35.36,35.37,33,14,19,29,20,35.28,35.23,35.22,35.2,35.19,3,1,5,7,21,1
2020-01-02 13:50:28,35.29,1.000,3529.000,35.29,35.3,35.35,35.36,35.37,32,14,19,29,20,35.28,35.23,35.22,35.2,35.19,36,1,5,7,21,1
2020-01-02 13:50:37,35.29,1.000,3529.000,35.29,35.3,35.35,35.36,35.37,31,14,19,29,20,35.28,35.23,35.22,35.2,35.19,36,1,5,7,21,1
2020-01-02 13:50:49,35.29,15.000,52935.000,35.29,35.3,35.35,35.36,35.37,16,14,19,29,20,35.28,35.23,35.22,35.2,35.19,36,1,5,7,21,1
2020-01-02 13:50:55,35.29,1.000,3529.000,35.29,35.3,35.35,35.36,35.37,15,14,21,29,20,35.28,35.23,35.22,35.2,35.19,36,1,5,7,21,1
2020-01-02 13:51:01,35.29,2.000,7058.000,35.29,35.3,35.35,35.36,35.37,13,14,21,29,20,35.28,35.23,35.22,35.2,35.19,36,1,5,7,21,1
2020-01-02 13:51:04,35.3,15.000,52937.000,35.3,35.35,35.36,35.37,35.38,12,21,29,20,21,35.28,35.23,35.22,35.2,35.19,36,1,5,7,21,1
2020-01-02 13:51:19,35.3,1.000,3530.000,35.3,35.35,35.36,35.37,35.38,11,21,29,20,21,35.29,35.28,35.23,35.22,35.2,3,36,16,5,7,1
2020-01-02 13:52:07,35.3,9.000,31770.000,35.3,35.35,35.36,35.37,35.38,2,21,29,20,22,35.29,35.28,35.23,35.22,35.2,5,36,16,5,12,1
2020-01-02 13:52:13,35.29,5.000,17645.000,35.29,35.3,35.35,35.36,35.37,3,2,21,29,20,35.28,35.23,35.22,35.2,35.19,36,16,5,12,21,0
2020-01-02 13:52:19,35.29,2.000,7058.000,35.29,35.3,35.34,35.35,35.36,1,2,16,21,32,35.28,35.23,35.22,35.2,35.19,3,16,5,7,21,1
2020-01-02 13:52:25,35.29,1.000,3529.000,35.3,35.34,35.35,35.36,35.37,2,16,21,32,20,35.28,35.23,35.22,35.2,35.19,3,16,5,7,21,1
2020-01-02 13:52:46,35.28,3.000,10584.000,35.28,35.29,35.3,35.33,35.34,7,90,2,4,21,35.23,35.22,35.2,35.19,35.18,16,5,13,21,2,0
2020-01-02 13:54:52,35.26,1.000,3526.000,35.26,35.27,35.28,35.29,35.3,86,7,5,90,2,35.25,35.24,35.23,35.22,35.2,2,6,10,5,13,0
2020-01-02 13:55:13,35.25,1.000,3525.000,35.26,35.27,35.28,35.29,35.3,91,3,5,90,2,35.25,35.24,35.23,35.22,35.2,2,6,10,5,19,0
2020-01-02 13:55:16,35.25,2.000,7050.000,35.26,35.27,35.28,35.29,35.3,91,3,5,90,2,35.24,35.23,35.22,35.2,35.19,6,10,5,19,21,0
2020-01-02 13:55:37,35.25,1.000,3525.000,35.26,35.27,35.28,35.29,35.3,92,2,5,90,2,35.25,35.24,35.23,35.22,35.2,2,6,10,5,19,0
2020-01-02 13:55:49,35.25,1.000,3525.000,35.26,35.27,35.28,35.29,35.3,92,2,5,90,2,35.25,35.24,35.23,35.22,35.21,1,6,10,5,15,0
2020-01-02 13:56:04,35.24,2.000,7049.000,35.26,35.28,35.3,35.34,35.35,92,5,2,21,19,35.24,35.23,35.22,35.21,35.2,5,10,5,15,29,0
2020-01-02 13:56:37,35.26,1.000,3526.000,35.26,35.28,35.3,35.34,35.35,86,5,2,21,19,35.25,35.24,35.23,35.22,35.21,1,5,10,5,15,1
2020-01-02 13:57:19,35.25,1.000,3525.000,35.26,35.28,35.3,35.34,35.35,87,5,2,21,19,35.24,35.23,35.22,35.21,35.2,5,10,5,15,29,0
2020-01-02 13:57:49,35.24,5.000,17620.000,35.24,35.25,35.26,35.28,35.3,5,24,90,5,2,35.23,35.22,35.2,35.19,35.18,10,5,29,21,2,0
2020-01-02 13:58:40,35.23,1.000,3523.000,35.24,35.25,35.26,35.28,35.3,6,24,89,5,2,35.23,35.22,35.2,35.19,35.18,10,5,29,21,2,0
2020-01-02 13:58:46,35.24,5.000,17620.000,35.24,35.25,35.26,35.28,35.3,1,24,89,5,2,35.23,35.22,35.2,35.19,35.18,10,5,29,21,2,1
2020-01-02 13:58:52,35.24,1.000,3524.000,35.25,35.26,35.28,35.3,35.34,24,89,5,2,21,35.24,35.23,35.22,35.2,35.19,4,10,5,29,21,1
2020-01-02 13:59:16,35.25,9.000,31725.000,35.25,35.26,35.28,35.3,35.33,15,86,5,2,5,35.24,35.23,35.22,35.2,35.19,19,10,5,29,21,1
2020-01-02 13:59:19,35.24,1.000,3524.000,35.25,35.26,35.28,35.3,35.33,15,86,5,2,5,35.24,35.23,35.22,35.2,35.19,18,10,5,29,21,0
2020-01-02 13:59:34,35.25,1.000,3525.000,35.25,35.26,35.28,35.3,35.33,14,1,5,2,5,35.24,35.23,35.22,35.21,35.2,18,10,5,1,29,1
2020-01-02 13:59:37,35.25,13.000,45825.000,35.25,35.26,35.28,35.3,35.33,1,1,5,2,5,35.24,35.23,35.22,35.21,35.2,18,10,5,1,29,1
2020-01-02 13:59:43,35.25,1.000,3525.000,35.26,35.28,35.3,35.33,35.34,1,5,2,5,21,35.24,35.23,35.22,35.21,35.2,18,9,5,1,29,1
2020-01-02 14:00:04,35.25,10.000,35250.000,35.25,35.26,35.3,35.33,35.34,75,2,2,5,21,35.24,35.23,35.22,35.21,35.2,18,9,5,34,29,1
2020-01-02 14:00:25,35.25,3.000,10575.000,35.25,35.26,35.3,35.33,35.34,73,1,2,5,21,35.24,35.23,35.22,35.21,35.2,18,9,5,34,29,1
2020-01-02 14:01:04,35.25,1.000,3525.000,35.25,35.26,35.3,35.33,35.34,90,1,2,5,21,35.24,35.23,35.22,35.21,35.2,18,9,5,34,139,1
2020-01-02 14:01:19,35.25,15.000,52875.000,35.25,35.26,35.3,35.33,35.34,60,1,2,5,21,35.24,35.23,35.22,35.21,35.2,18,9,5,34,139,1
2020-01-02 14:01:25,35.24,1.000,3524.000,35.25,35.26,35.3,35.33,35.34,59,1,2,5,21,35.24,35.23,35.22,35.21,35.2,17,9,5,34,139,0
2020-01-02 14:01:40,35.24,15.000,52860.000,35.25,35.26,35.3,35.33,35.34,60,1,2,5,21,35.24,35.23,35.22,35.21,35.2,2,9,5,34,139,0
2020-01-02 14:02:34,35.23,11.000,38755.000,35.23,35.25,35.26,35.3,35.33,39,60,1,2,5,35.22,35.21,35.2,35.19,35.18,5,34,139,21,2,0
2020-01-02 14:02:46,35.23,5.000,17615.000,35.23,35.25,35.26,35.3,35.33,34,60,1,4,5,35.22,35.21,35.2,35.19,35.18,5,34,139,21,2,1
2020-01-02 14:02:49,35.22,1.000,3522.000,35.23,35.25,35.26,35.3,35.33,34,60,1,4,5,35.22,35.21,35.2,35.19,35.18,4,34,139,21,2,0
2020-01-02 14:02:58,35.22,4.000,14088.000,35.23,35.25,35.26,35.3,35.33,34,60,1,4,5,35.22,35.21,35.2,35.19,35.18,0,34,139,21,2,0
2020-01-02 14:03:10,35.22,1.000,3522.000,35.23,35.25,35.26,35.3,35.33,34,60,1,4,5,35.22,35.21,35.2,35.19,35.18,5,34,29,21,2,0
2020-01-02 14:03:13,35.22,5.000,19018.000,35.22,35.23,35.25,35.26,35.3,44,34,60,1,4,35.21,35.2,35.19,35.18,35.17,34,29,21,2,3,0
2020-01-02 14:03:19,35.21,2.000,7042.000,35.22,35.23,35.25,35.26,35.3,46,34,60,1,4,35.21,35.2,35.19,35.18,35.17,32,29,21,2,3,0
2020-01-02 14:03:22,35.21,1.000,3521.000,35.22,35.23,35.25,35.26,35.3,50,34,60,1,4,35.21,35.2,35.19,35.18,35.17,31,29,21,2,3,0
2020-01-02 14:04:10,35.21,1.000,3521.000,35.22,35.23,35.25,35.26,35.3,3,34,60,1,34,35.21,35.2,35.19,35.17,35.16,33,29,21,3,1,0
2020-01-02 14:04:37,35.21,38.000,133803.000,35.21,35.23,35.25,35.26,35.3,92,34,60,1,34,35.2,35.19,35.17,35.16,35.15,29,21,3,1,13,0
2020-01-02 14:04:46,35.21,1.000,3521.000,35.21,35.23,35.25,35.26,35.3,91,34,60,1,34,35.2,35.19,35.17,35.16,35.15,29,21,3,1,19,1
2020-01-02 14:04:49,35.2,1.000,3520.000,35.21,35.23,35.25,35.26,35.3,91,34,60,1,34,35.2,35.19,35.17,35.16,35.15,18,21,3,1,19,0
2020-01-02 14:05:16,35.21,8.000,28168.000,35.21,35.23,35.25,35.26,35.3,83,34,60,51,34,35.2,35.19,35.17,35.16,35.15,23,21,3,1,19,1
2020-01-02 14:05:28,35.2,1.000,3520.000,35.21,35.23,35.25,35.26,35.3,83,34,60,51,34,35.2,35.19,35.17,35.16,35.15,22,21,3,1,19,0
2020-01-02 14:05:40,35.21,5.000,17605.000,35.21,35.23,35.25,35.26,35.3,78,34,60,51,34,35.2,35.19,35.17,35.16,35.15,22,21,3,1,44,1
2020-01-02 14:06:13,35.21,5.000,17605.000,35.21,35.23,35.25,35.26,35.3,73,34,60,51,34,35.2,35.19,35.17,35.16,35.15,22,21,3,1,44,1
2020-01-02 14:06:16,35.21,10.000,35210.000,35.21,35.23,35.25,35.26,35.3,63,34,60,51,34,35.2,35.19,35.17,35.16,35.15,22,21,3,1,44,1
2020-01-02 14:06:19,35.2,3.000,10560.000,35.21,35.23,35.25,35.26,35.3,63,34,60,51,34,35.2,35.19,35.17,35.16,35.15,19,21,3,1,44,0
2020-01-02 14:06:49,35.2,1.000,3520.000,35.21,35.23,35.25,35.26,35.3,77,34,60,51,34,35.2,35.19,35.17,35.16,35.15,23,21,3,1,44,0
2020-01-02 14:06:55,35.2,1.000,3520.000,35.21,35.23,35.25,35.26,35.3,77,34,59,51,34,35.2,35.19,35.17,35.16,35.15,22,21,3,1,44,0
2020-01-02 14:07:34,35.21,1.000,3521.000,35.21,35.23,35.25,35.26,35.28,83,34,59,51,1,35.2,35.19,35.17,35.16,35.15,22,21,3,1,19,1
2020-01-02 14:07:43,35.2,5.000,17600.000,35.21,35.23,35.25,35.26,35.28,83,34,59,51,1,35.2,35.19,35.17,35.16,35.15,17,21,3,1,19,0
2020-01-02 14:07:55,35.2,10.000,35200.000,35.21,35.23,35.25,35.26,35.28,83,34,59,51,1,35.2,35.19,35.17,35.16,35.15,17,21,3,1,19,0
2020-01-02 14:08:01,35.2,8.000,28160.000,35.21,35.23,35.25,35.26,35.28,83,34,59,51,1,35.2,35.19,35.17,35.16,35.15,9,21,3,1,19,0
2020-01-02 14:08:04,35.21,2.000,7042.000,35.21,35.23,35.25,35.26,35.28,81,34,59,51,1,35.2,35.19,35.17,35.16,35.15,9,21,3,1,19,1
2020-01-02 14:08:19,35.21,51.000,179570.000,35.21,35.23,35.25,35.26,35.28,31,34,59,74,51,35.2,35.19,35.17,35.16,35.15,8,21,3,1,19,1
2020-01-02 14:08:37,35.2,2.000,7040.000,35.21,35.23,35.25,35.26,35.28,31,34,59,73,51,35.2,35.19,35.17,35.16,35.15,6,12,3,1,19,0
2020-01-02 14:08:58,35.2,1.000,3520.000,35.21,35.23,35.25,35.26,35.28,31,34,59,73,51,35.2,35.19,35.17,35.16,35.15,10,12,3,1,19,0
2020-01-02 14:09:07,35.21,3.000,10564.000,35.21,35.23,35.25,35.26,35.28,28,34,59,73,51,35.2,35.19,35.17,35.16,35.15,10,12,3,1,19,1
2020-01-02 14:09:22,35.2,10.000,35200.000,35.21,35.23,35.25,35.26,35.28,28,34,59,73,51,35.19,35.17,35.15,35.14,35.13,12,3,19,27,7,0
2020-01-02 14:09:46,35.21,5.000,17604.000,35.21,35.23,35.25,35.26,35.28,23,34,59,73,51,35.19,35.17,35.15,35.14,35.13,12,3,19,27,7,1
2020-01-02 14:09:49,35.19,1.000,3520.000,35.21,35.23,35.25,35.26,35.28,23,34,59,73,51,35.19,35.17,35.15,35.14,35.13,11,3,19,27,7,0
2020-01-02 14:10:31,35.19,5.000,17594.000,35.21,35.23,35.25,35.26,35.28,25,34,59,73,1,35.19,35.17,35.16,35.15,35.14,6,5,15,19,27,0
2020-01-02 14:11:04,35.2,9.000,31680.000,35.2,35.21,35.23,35.25,35.26,3,19,34,59,73,35.19,35.17,35.16,35.15,35.14,16,5,15,19,27,1
2020-01-02 14:11:07,35.19,16.000,56304.000,35.19,35.2,35.21,35.23,35.25,84,3,19,34,59,35.17,35.16,35.15,35.14,35.13,5,15,19,27,7,0
2020-01-02 14:11:19,35.17,1.000,3518.000,35.19,35.2,35.21,35.22,35.23,90,3,19,5,34,35.17,35.16,35.15,35.14,35.13,4,15,19,27,7,0
2020-01-02 14:11:37,35.19,1.000,3518.000,35.19,35.2,35.21,35.22,35.23,89,3,19,5,34,35.17,35.16,35.15,35.14,35.13,2,15,19,27,10,1
2020-01-02 14:11:49,35.18,1.000,3518.000,35.19,35.2,35.21,35.22,35.23,89,3,18,5,34,35.17,35.16,35.15,35.14,35.13,2,15,19,27,10,0
2020-01-02 14:12:31,35.18,3.000,10554.000,35.19,35.2,35.21,35.22,35.23,89,3,18,5,34,35.18,35.17,35.16,35.15,35.14,42,26,15,19,27,1
2020-01-02 14:13:04,35.19,1.000,3518.000,35.19,35.2,35.21,35.22,35.23,88,3,18,5,34,35.18,35.17,35.16,35.15,35.14,44,26,15,19,27,1
2020-01-02 14:13:13,35.18,41.000,144268.000,35.19,35.2,35.21,35.22,35.23,58,3,18,5,34,35.18,35.17,35.16,35.15,35.14,33,26,15,19,27,0
2020-01-02 14:13:16,35.19,10.000,35192.000,35.19,35.2,35.21,35.22,35.23,48,3,18,5,34,35.18,35.17,35.16,35.15,35.14,37,26,15,19,27,1
2020-01-02 14:13:52,35.19,5.000,17594.000,35.19,35.2,35.21,35.22,35.23,43,3,18,5,34,35.18,35.17,35.16,35.15,35.14,37,21,15,29,27,1
2020-01-02 14:14:07,35.19,7.000,24634.000,35.19,35.2,35.21,35.22,35.23,30,3,18,5,34,35.18,35.17,35.16,35.15,35.14,37,21,15,29,27,1
2020-01-02 14:14:16,35.19,31.000,106272.000,35.2,35.21,35.22,35.23,35.25,3,18,5,34,59,35.19,35.18,35.17,35.16,35.15,9,37,21,5,29,1
2020-01-02 14:14:37,35.2,2.000,7040.000,35.2,35.21,35.22,35.23,35.25,2,18,5,34,59,35.19,35.18,35.17,35.16,35.15,9,37,15,5,29,1
2020-01-02 14:15:01,35.2,2.000,7040.000,35.21,35.22,35.23,35.25,35.26,18,5,34,59,73,35.2,35.19,35.18,35.17,35.16,18,9,37,15,5,1
2020-01-02 14:15:08,35.21,5.000,17606.000,35.21,35.22,35.23,35.25,35.26,13,5,34,59,73,35.2,35.19,35.18,35.17,35.16,18,17,37,15,5,1
2020-01-02 14:15:25,35.21,6.000,21126.000,35.21,35.22,35.23,35.25,35.26,7,15,34,59,73,35.19,35.18,35.17,35.16,35.15,17,37,15,5,29,1
2020-01-02 14:15:40,35.21,7.000,24648.000,35.22,35.23,35.25,35.26,35.28,15,34,59,50,45,35.21,35.19,35.18,35.17,35.16,11,17,37,15,5,1
2020-01-02 14:15:55,35.21,10.000,35208.000,35.22,35.23,35.25,35.26,35.28,16,34,59,50,45,35.21,35.19,35.18,35.17,35.16,1,17,37,15,5,0
2020-01-02 14:16:13,35.22,6.000,21132.000,35.22,35.23,35.25,35.26,35.28,10,34,59,50,68,35.21,35.19,35.18,35.17,35.16,1,17,37,15,5,1
2020-01-02 14:16:31,35.22,7.000,24656.000,35.22,35.23,35.25,35.26,35.28,3,34,59,50,68,35.21,35.2,35.19,35.18,35.17,1,1,17,37,15,1
2020-01-02 14:16:49,35.22,1.000,3520.000,35.22,35.23,35.25,35.26,35.28,2,34,59,50,68,35.2,35.19,35.18,35.17,35.16,1,17,37,15,5,1
2020-01-02 14:17:16,35.2,1.000,3520.000,35.2,35.22,35.23,35.25,35.26,91,2,34,59,2,35.19,35.18,35.17,35.16,35.15,17,37,15,5,29,0
2020-01-02 14:17:46,35.2,7.000,24640.000,35.2,35.22,35.23,35.25,35.28,85,1,34,59,45,35.19,35.18,35.17,35.16,35.15,17,37,15,5,29,1
2020-01-02 14:17:52,35.19,1.000,3520.000,35.2,35.22,35.23,35.25,35.28,84,1,34,59,45,35.19,35.18,35.17,35.16,35.15,16,37,15,5,29,0
2020-01-02 14:19:04,35.19,20.000,70380.000,35.2,35.22,35.23,35.25,35.28,85,1,34,59,45,35.19,35.18,35.17,35.16,35.15,0,12,15,5,29,0
2020-01-02 14:19:10,35.18,1.000,3516.000,35.19,35.2,35.22,35.23,35.25,1,85,1,34,59,35.18,35.17,35.16,35.15,35.14,11,15,5,29,29,0
2020-01-02 14:19:19,35.19,5.000,17596.000,35.19,35.2,35.22,35.23,35.25,40,1,1,34,59,35.18,35.17,35.16,35.15,35.14,11,2,5,29,29,1
2020-01-02 14:19:40,35.18,45.000,158310.000,35.18,35.19,35.2,35.22,35.23,39,40,1,1,34,35.17,35.16,35.15,35.14,35.13,2,30,29,29,7,0
2020-01-02 14:19:43,35.18,1.000,3518.000,35.18,35.19,35.2,35.22,35.23,38,40,1,1,34,35.17,35.16,35.15,35.14,35.13,2,30,29,29,7,1
2020-01-02 14:19:55,35.17,2.000,7034.000,35.17,35.18,35.19,35.22,35.23,1,46,40,1,34,35.16,35.15,35.14,35.13,35.12,30,29,29,7,10,0
2020-01-02 14:20:07,35.17,1.000,3518.000,35.18,35.19,35.22,35.23,35.25,46,40,1,34,59,35.17,35.16,35.15,35.14,35.13,5,30,29,29,7,1
2020-01-02 14:20:13,35.17,2.000,7032.000,35.18,35.19,35.22,35.23,35.25,46,40,1,34,59,35.17,35.16,35.15,35.14,35.13,9,30,29,29,7,0
2020-01-02 14:20:25,35.17,2.000,7036.000,35.18,35.19,35.22,35.23,35.25,46,40,3,34,59,35.17,35.16,35.15,35.14,35.13,7,30,29,29,7,0
2020-01-02 14:20:40,35.17,1.000,3516.000,35.18,35.19,35.22,35.23,35.25,46,40,3,34,59,35.17,35.16,35.15,35.14,35.13,14,30,29,29,7,0
2020-01-02 14:20:58,35.17,2.000,7034.000,35.18,35.19,35.22,35.23,35.25,46,40,3,34,59,35.17,35.16,35.15,35.14,35.13,12,30,29,29,7,0
2020-01-02 14:21:04,35.18,7.000,24626.000,35.18,35.22,35.23,35.25,35.28,39,3,34,59,45,35.17,35.16,35.15,35.14,35.13,12,30,29,29,7,1
2020-01-02 14:21:19,35.17,3.000,10552.000,35.18,35.22,35.23,35.25,35.28,39,3,34,59,45,35.17,35.16,35.15,35.14,35.13,9,30,29,29,7,0
2020-01-02 14:21:40,35.17,6.000,21100.000,35.18,35.22,35.23,35.25,35.28,39,7,34,59,45,35.17,35.16,35.15,35.14,35.13,3,30,29,29,7,0
2020-01-02 14:21:46,35.17,3.000,10552.000,35.17,35.18,35.22,35.23,35.25,7,39,7,34,59,35.16,35.15,35.14,35.13,35.11,30,24,29,7,2,0
2020-01-02 14:21:52,35.17,5.000,17584.000,35.17,35.18,35.22,35.23,35.25,3,38,7,34,59,35.16,35.15,35.14,35.13,35.11,30,24,29,7,2,1
2020-01-02 14:21:58,35.17,2.000,7036.000,35.17,35.18,35.22,35.23,35.25,1,31,7,34,59,35.16,35.15,35.14,35.13,35.11,30,24,29,7,2,1
