Time,Price,Volume,Amount,SP1,SP2,SP3,SP4,SP5,SV1,SV2,SV3,SV4,SV5,BP1,BP2,BP3,BP4,BP5,BV1,BV2,BV3,BV4,BV5,isBuy
2020-01-02 09:15:04,25,0.000,0.000,25,0,0,0,0,2,0,0,0,0,25,0,0,0,0,2,7,0,0,0,1
2020-01-02 09:15:07,25,0.000,0.000,25,0,0,0,0,9,9,0,0,0,25,0,0,0,0,9,0,0,0,0,1
2020-01-02 09:15:50,25,0.000,0.000,25,0,0,0,0,10,8,0,0,0,25,0,0,0,0,10,0,0,0,0,1
2020-01-02 09:18:37,25,0.000,0.000,25,0,0,0,0,18,0,0,0,0,25,0,0,0,0,18,92,0,0,0,1
2020-01-02 09:18:58,25,0.000,0.000,25,0,0,0,0,105,0,0,0,0,25,0,0,0,0,105,5,0,0,0,1
2020-01-02 09:19:22,25,0.000,0.000,25,0,0,0,0,105,0,0,0,0,25,0,0,0,0,105,8,0,0,0,1
2020-01-02 09:19:34,25,0.000,0.000,25,0,0,0,0,105,0,0,0,0,25,0,0,0,0,105,10,0,0,0,1
2020-01-02 09:19:49,25,0.000,0.000,25,0,0,0,0,105,0,0,0,0,25,0,0,0,0,105,18,0,0,0,1
2020-01-02 09:19:51,25,0.000,0.000,25,0,0,0,0,105,0,0,0,0,25,0,0,0,0,105,18,0,0,0,1
2020-01-02 09:20:38,25,0.000,0.000,25,0,0,0,0,112,0,0,0,0,25,0,0,0,0,112,11,0,0,0,1
2020-01-02 09:20:50,25,0.000,0.000,25,0,0,0,0,115,0,0,0,0,25,0,0,0,0,115,8,0,0,0,1
2020-01-02 09:21:15,24.8,0.000,0.000,24.8,0,0,0,0,193,19,0,0,0,24.8,0,0,0,0,193,0,0,0,0,0
2020-01-02 09:21:32,24.8,0.000,0.000,24.8,0,0,0,0,193,19,0,0,0,24.8,0,0,0,0,193,0,0,0,0,1
2020-01-02 09:21:41,24.8,0.000,0.000,24.8,0,0,0,0,193,27,0,0,0,24.8,0,0,0,0,193,0,0,0,0,1
2020-01-02 09:21:52,24.8,0.000,0.000,24.8,0,0,0,0,193,37,0,0,0,24.8,0,0,0,0,193,0,0,0,0,1
2020-01-02 09:21:54,24.8,0.000,0.000,24.8,0,0,0,0,193,37,0,0,0,24.8,0,0,0,0,193,0,0,0,0,1
2020-01-02 09:22:34,24.8,0.000,0.000,24.8,0,0,0,0,230,0,0,0,0,24.8,0,0,0,0,230,15,0,0,0,1
2020-01-02 09:22:36,24.8,0.000,0.000,24.8,0,0,0,0,230,0,0,0,0,24.8,0,0,0,0,230,15,0,0,0,1
2020-01-02 09:23:01,24.8,0.000,0.000,24.8,0,0,0,0,230,0,0,0,0,24.8,0,0,0,0,230,17,0,0,0,1
2020-01-02 09:23:03,24.8,0.000,0.000,24.8,0,0,0,0,230,0,0,0,0,24.8,0,0,0,0,230,17,0,0,0,1
2020-01-02 09:23:25,24.8,0.000,0.000,24.8,0,0,0,0,233,0,0,0,0,24.8,0,0,0,0,233,14,0,0,0,1
2020-01-02 09:23:27,24.8,0.000,0.000,24.8,0,0,0,0,233,0,0,0,0,24.8,0,0,0,0,233,14,0,0,0,1
2020-01-02 09:23:55,24.8,0.000,0.000,24.8,0,0,0,0,233,0,0,0,0,24.8,0,0,0,0,233,31,0,0,0,1
2020-01-02 09:23:57,24.8,0.000,0.000,24.8,0,0,0,0,233,0,0,0,0,24.8,0,0,0,0,233,31,0,0,0,1
2020-01-02 09:24:01,24.8,0.000,0.000,24.8,0,0,0,0,241,0,0,0,0,24.8,0,0,0,0,241,23,0,0,0,1
2020-01-02 09:24:03,24.8,0.000,0.000,24.8,0,0,0,0,241,0,0,0,0,24.8,0,0,0,0,241,23,0,0,0,1
2020-01-02 09:24:07,24.8,0.000,0.000,24.8,0,0,0,0,242,0,0,0,0,24.8,0,0,0,0,242,22,0,0,0,1
2020-01-02 09:24:09,24.8,0.000,0.000,24.8,0,0,0,0,242,0,0,0,0,24.8,0,0,0,0,242,22,0,0,0,1
2020-01-02 09:24:11,24.8,0.000,0.000,24.8,0,0,0,0,246,0,0,0,0,24.8,0,0,0,0,246,28,0,0,0,1
2020-01-02 09:24:26,24.81,0.000,0.000,24.81,0,0,0,0,250,0,0,0,0,24.81,0,0,0,0,250,3,0,0,0,1
2020-01-02 09:24:35,24.81,0.000,0.000,24.81,0,0,0,0,250,0,0,0,0,24.81,0,0,0,0,250,12,0,0,0,1
2020-01-02 09:24:38,24.81,0.000,0.000,24.81,0,0,0,0,250,0,0,0,0,24.81,0,0,0,0,250,22,0,0,0,1
2020-01-02 09:24:41,24.82,0.000,0.000,24.82,0,0,0,0,258,0,0,0,0,24.82,0,0,0,0,258,5,0,0,0,1
2020-01-02 09:24:44,24.82,0.000,0.000,24.82,0,0,0,0,258,0,0,0,0,24.82,0,0,0,0,258,7,0,0,0,1
2020-01-02 09:24:47,24.81,0.000,0.000,24.81,0,0,0,0,271,0,0,0,0,24.81,0,0,0,0,271,63,0,0,0,0
2020-01-02 09:24:50,24.82,0.000,0.000,24.82,0,0,0,0,271,0,0,0,0,24.82,0,0,0,0,271,74,0,0,0,1
2020-01-02 09:24:56,24.82,0.000,0.000,24.82,0,0,0,0,321,0,0,0,0,24.82,0,0,0,0,321,33,0,0,0,1
2020-01-02 09:24:59,24.94,0.000,0.000,24.94,0,0,0,0,339,0,0,0,0,24.94,0,0,0,0,339,27,0,0,0,1
2020-01-02 09:25:02,24.94,339.000,845466.000,24.97,25,25.03,25.05,25.1,4,106,4,4,5,24.94,24.93,24.83,24.82,24.81,89,3,89,90,69,1
2020-01-02 09:25:04,24.94,0.000,0.000,24.97,25,25.03,25.05,25.1,4,106,4,4,5,24.94,24.93,24.83,24.82,24.81,89,3,89,90,69,0
2020-01-02 09:30:03,25,124.000,309962.000,25.03,25.05,25.1,25.15,25.19,4,4,5,17,5,25,24.97,24.96,24.94,24.93,121,5,90,58,3,1
2020-01-02 09:30:04,24.99,540.000,1345604.000,25.05,25.1,25.15,25.19,25.2,3,5,17,5,7,24.99,24.97,24.81,24.8,24.78,19,13,53,77,9,0
2020-01-02 09:30:07,24.81,214.000,532092.000,24.81,24.9,24.91,24.92,24.93,5,9,7,52,35,24.8,24.78,24.77,24.76,24.71,72,19,3,15,15,0
2020-01-02 09:30:10,24.92,29.000,72188.000,24.92,24.93,24.94,24.99,25.1,44,35,192,23,5,24.81,24.8,24.78,24.77,24.76,5,72,19,3,15,1
2020-01-02 09:30:12,24.92,9.000,22422.000,24.92,24.93,24.94,24.99,25,36,35,192,83,1,24.84,24.81,24.8,24.78,24.77,2,15,72,19,3,1
2020-01-02 09:30:15,24.93,52.000,129600.000,24.93,24.94,24.99,25.1,25.15,19,225,83,5,17,24.92,24.91,24.84,24.81,24.8,11,1,2,11,72,1
2020-01-02 09:30:18,24.93,170.000,421944.000,24.93,24.94,24.99,25.1,25.15,7,225,83,5,17,24.84,24.81,24.75,24.71,24.7,10,6,81,115,3,1
2020-01-02 09:30:21,24.93,6.000,14958.000,24.94,24.99,25.1,25.15,25.19,225,83,5,17,5,24.92,24.84,24.81,24.75,24.71,2,60,11,81,115,1
2020-01-02 09:30:21,24.94,2.000,4987.000,24.94,24.99,25.1,25.15,25.19,224,83,5,17,5,24.93,24.92,24.84,24.81,24.79,3,2,60,11,2,1
2020-01-02 09:30:24,24.94,34.000,84792.000,24.94,24.99,25.1,25.15,25.19,194,80,5,17,5,24.92,24.84,24.81,24.79,24.75,2,60,11,2,81,1
2020-01-02 09:30:27,24.94,5.000,12465.000,24.94,24.99,25.1,25.15,25.19,193,80,5,17,5,24.93,24.92,24.85,24.84,24.81,1,1,15,64,11,1
2020-01-02 09:30:30,24.94,18.000,44889.000,24.94,24.99,25.1,25.15,25.19,178,69,5,17,5,24.92,24.85,24.84,24.81,24.79,1,15,64,11,2,1
2020-01-02 09:30:33,24.93,33.000,82268.000,24.92,24.93,24.94,24.99,25.1,2,3,178,69,5,24.88,24.85,24.84,24.81,24.79,10,15,64,11,2,0
2020-01-02 09:30:36,24.88,10.000,24880.000,24.92,24.93,24.94,24.99,25.1,17,15,208,9,5,24.85,24.84,24.81,24.8,24.79,15,64,11,80,3,0
2020-01-02 09:30:39,24.85,6.000,14910.000,24.88,24.92,24.93,24.94,24.98,4,16,15,208,43,24.85,24.84,24.81,24.8,24.79,9,64,11,80,3,0
2020-01-02 09:30:42,24.85,3.000,7455.000,24.88,24.92,24.93,24.94,24.98,4,16,15,208,43,24.85,24.84,24.81,24.8,24.79,6,64,11,80,3,0
2020-01-02 09:30:42,24.85,7.000,17395.000,24.88,24.89,24.92,24.93,24.94,4,2,16,15,208,24.85,24.84,24.81,24.8,24.79,1,64,11,80,3,0
2020-01-02 09:30:45,24.85,2.000,4970.000,24.88,24.89,24.92,24.93,24.94,4,2,15,15,208,24.84,24.81,24.8,24.79,24.75,64,11,80,3,81,0
2020-01-02 09:30:45,24.85,101.000,250752.000,24.84,24.85,24.88,24.89,24.92,34,2,4,2,15,24.8,24.79,24.75,24.71,24.7,55,3,81,115,11,0
2020-01-02 09:30:48,24.8,12.000,29760.000,24.84,24.85,24.87,24.88,24.89,34,2,1,4,2,24.8,24.79,24.75,24.71,24.7,57,3,81,115,11,0
2020-01-02 09:30:51,24.88,42.000,104345.000,24.89,24.92,24.93,24.94,24.99,2,15,15,176,9,24.88,24.85,24.8,24.79,24.75,65,26,57,3,81,1
2020-01-02 09:30:54,24.92,5.000,12446.000,24.92,24.93,24.94,24.99,25.1,14,19,176,9,5,24.88,24.85,24.8,24.79,24.75,63,26,57,3,81,1
2020-01-02 09:30:57,24.88,21.000,52248.000,24.92,24.93,24.94,24.99,25.1,14,15,175,9,5,24.88,24.85,24.84,24.8,24.79,42,26,4,57,3,0
2020-01-02 09:31:00,24.88,1.000,2488.000,24.92,24.93,24.94,24.99,25.1,31,15,175,9,5,24.88,24.85,24.84,24.8,24.79,41,26,9,57,3,0
2020-01-02 09:31:03,24.93,33.000,82238.000,24.93,24.94,24.99,25.1,25.15,13,175,9,5,17,24.92,24.88,24.85,24.84,24.8,300,41,26,9,57,1
2020-01-02 09:31:03,24.93,34.000,84736.000,24.93,24.94,24.99,25.1,25.15,5,175,9,5,17,24.92,24.91,24.88,24.85,24.84,274,2,42,26,59,1
2020-01-02 09:31:06,24.92,87.000,216861.000,24.94,24.99,25.1,25.15,25.19,153,10,5,17,5,24.92,24.91,24.88,24.85,24.84,222,2,44,26,59,0
2020-01-02 09:31:09,24.93,101.000,251883.000,24.94,24.99,25.1,25.15,25.19,63,10,5,17,5,24.93,24.92,24.91,24.88,24.85,201,222,2,44,26,1
2020-01-02 09:31:11,24.93,29.000,72322.000,24.94,24.99,25.1,25.15,25.19,38,10,5,17,5,24.93,24.92,24.91,24.88,24.85,197,222,2,44,46,0
2020-01-02 09:31:12,24.94,19.000,47386.000,24.94,24.99,25.1,25.15,25.19,19,10,5,17,5,24.93,24.92,24.91,24.88,24.85,199,222,2,44,46,1
2020-01-02 09:31:15,24.98,23.000,57373.000,24.99,25.1,25.15,25.19,25.2,10,5,17,5,23,24.98,24.94,24.93,24.92,24.91,7,243,198,250,2,1
2020-01-02 09:31:15,24.94,22.000,54896.000,24.99,25.1,25.15,25.19,25.2,10,5,17,5,23,24.94,24.93,24.92,24.91,24.88,209,201,250,2,44,0
2020-01-02 09:31:18,24.95,9.000,22464.000,24.99,25.1,25.15,25.19,25.2,9,5,17,5,23,24.95,24.94,24.93,24.92,24.91,12,257,201,250,2,1
2020-01-02 09:31:22,24.99,10.000,24990.000,25.1,25.15,25.19,25.2,25.22,5,17,5,23,7,24.99,24.95,24.94,24.93,24.92,1,12,257,201,250,1
2020-01-02 09:31:24,24.94,62.000,154670.000,25.1,25.15,25.19,25.2,25.22,5,17,5,23,7,24.95,24.94,24.93,24.92,24.91,9,246,201,250,2,0
2020-01-02 09:31:31,25.1,1.000,2510.000,25.1,25.15,25.19,25.2,25.22,7,17,5,23,7,24.96,24.95,24.94,24.93,24.92,60,9,246,103,253,1
2020-01-02 09:31:33,25.1,2.000,5020.000,25.1,25.11,25.15,25.19,25.2,9,1,17,5,23,24.96,24.95,24.94,24.93,24.92,60,9,246,103,269,1
2020-01-02 09:31:33,25.1,5.000,12550.000,25.1,25.11,25.15,25.19,25.2,6,1,17,5,23,24.96,24.95,24.94,24.93,24.92,75,9,275,108,269,1
2020-01-02 09:31:36,24.97,1.000,2497.000,25.1,25.11,25.15,25.19,25.2,7,1,17,5,23,24.97,24.96,24.95,24.94,24.93,2,77,11,280,105,0
2020-01-02 09:31:39,24.97,1.000,2497.000,25.1,25.11,25.15,25.19,25.2,7,1,17,5,23,24.97,24.96,24.95,24.94,24.93,3,75,11,300,105,0
2020-01-02 09:31:42,25.1,5.000,12524.000,25.1,25.11,25.14,25.15,25.19,5,1,70,17,5,24.97,24.96,24.95,24.94,24.93,2,85,11,300,105,1
2020-01-02 09:31:46,25.11,7.000,17571.000,25.14,25.15,25.19,25.2,25.22,70,17,5,23,7,25.11,24.97,24.96,24.95,24.94,3,9,85,81,295,1
2020-01-02 09:31:48,25.11,3.000,7533.000,25.11,25.13,25.14,25.15,25.19,2,10,70,17,5,24.97,24.96,24.95,24.94,24.93,9,85,81,295,105,0
2020-01-02 09:31:49,25.1,7.000,17578.000,25.1,25.13,25.14,25.15,25.19,37,10,70,17,5,25,24.97,24.96,24.95,24.94,2,9,95,81,295,0
2020-01-02 09:31:52,24.97,11.000,27473.000,24.97,25.1,25.14,25.15,25.19,10,37,70,17,5,24.96,24.95,24.94,24.93,24.92,95,81,266,105,269,0
2020-01-02 09:31:54,24.97,8.000,19976.000,24.97,25.1,25.14,25.15,25.19,4,37,70,17,5,24.96,24.95,24.94,24.93,24.92,95,81,266,105,269,1
2020-01-02 09:31:55,24.97,29.000,72712.000,25.1,25.14,25.15,25.19,25.2,14,70,17,5,23,25.03,24.96,24.95,24.94,24.93,8,95,81,266,105,1
2020-01-02 09:31:58,25.1,42.000,105420.000,25.13,25.14,25.15,25.19,25.2,43,70,17,5,51,25.1,25.03,24.97,24.96,24.95,258,8,2,95,81,1
2020-01-02 09:32:01,25.14,137.000,344166.000,25.14,25.15,25.19,25.2,25.22,59,17,5,51,7,25.1,25.03,24.98,24.97,24.96,218,8,20,25,95,1
2020-01-02 09:32:04,25.1,60.000,150640.000,25.13,25.14,25.15,25.19,25.2,1,39,17,23,51,25.1,25.06,25.03,24.98,24.97,168,2,8,20,25,0
2020-01-02 09:32:06,25.13,1.000,2513.000,25.14,25.15,25.19,25.2,25.22,39,17,23,51,7,25.13,25.1,25.06,25.03,24.98,5,168,2,8,20,1
2020-01-02 09:32:08,25.13,3.000,7539.000,25.14,25.15,25.19,25.2,25.22,39,17,23,51,7,25.13,25.1,25.06,25.03,24.98,2,168,2,8,20,0
2020-01-02 09:32:09,25.14,39.000,98046.000,25.15,25.19,25.2,25.22,25.25,17,23,51,7,17,25.14,25.13,25.1,25.06,25.03,7,2,168,2,8,1
2020-01-02 09:32:12,25.15,6.000,15090.000,25.15,25.19,25.2,25.22,25.25,11,23,51,7,17,25.14,25.1,25.06,25.03,24.98,7,168,2,8,20,1
2020-01-02 09:32:13,25.1,116.000,291218.000,25.14,25.15,25.19,25.2,25.22,26,5,23,51,7,25.1,25.06,25.03,24.98,24.97,65,2,8,20,30,0
2020-01-02 09:32:15,25.14,8.000,20112.000,25.14,25.15,25.19,25.2,25.22,18,5,23,51,7,25.1,25.06,25.03,24.98,24.97,65,2,8,20,30,1
2020-01-02 09:32:16,25.1,33.000,82848.000,25.14,25.15,25.19,25.2,25.25,22,15,23,51,17,25.1,25.06,25.03,24.98,24.97,38,2,8,20,30,0
2020-01-02 09:32:18,25.13,14.000,35190.000,25.13,25.14,25.15,25.19,25.2,4,14,15,23,51,25.1,25.06,25.03,24.98,24.97,38,2,8,20,30,1
2020-01-02 09:32:19,25.14,11.000,27646.000,25.14,25.15,25.18,25.19,25.2,12,15,10,23,51,25.1,25.06,25.03,24.98,24.97,37,2,8,20,30,1
2020-01-02 09:32:22,25.14,1.000,2514.000,25.14,25.15,25.18,25.19,25.2,16,20,10,23,51,25.1,25.06,25.03,24.98,24.97,37,2,8,20,30,1
2020-01-02 09:32:24,25.1,46.000,115487.000,25.1,25.14,25.15,25.18,25.19,5,13,20,10,23,25.06,25.03,24.98,24.97,24.96,2,8,20,30,95,0
2020-01-02 09:32:25,25.13,15.000,37680.000,25.14,25.15,25.18,25.19,25.2,16,20,10,23,51,25.13,25.12,25.06,25.03,24.98,85,2,2,8,20,1
2020-01-02 09:32:27,25.14,10.000,25140.000,25.14,25.15,25.18,25.19,25.2,6,20,10,23,51,25.13,25.12,25.06,25.03,24.98,85,2,2,8,20,1
2020-01-02 09:32:28,25.14,49.000,123140.000,25.14,25.15,25.18,25.19,25.2,3,20,10,23,51,25.13,25.12,25.06,25.03,24.98,39,2,2,8,20,1
2020-01-02 09:32:30,25.14,26.000,65340.000,25.14,25.15,25.18,25.19,25.2,3,20,10,23,51,25.13,25.12,25.06,25.03,24.98,15,2,2,8,20,1
2020-01-02 09:32:31,25.1,18.000,45229.000,25.14,25.15,25.18,25.19,25.2,8,20,10,23,51,25.1,25.06,25.03,24.98,24.97,3,2,8,20,30,0
2020-01-02 09:32:33,25.11,4.000,10044.000,25.11,25.14,25.15,25.18,25.19,6,12,20,10,23,25.1,25.06,25.03,24.98,24.97,3,2,8,20,30,1
2020-01-02 09:32:34,25.14,15.000,37692.000,25.14,25.15,25.18,25.19,25.2,4,20,10,23,51,25.1,25.06,25.03,24.98,24.97,3,2,8,20,30,1
2020-01-02 09:32:36,25.14,1.000,2514.000,25.14,25.15,25.18,25.19,25.2,6,20,10,23,51,25.1,25.06,25.03,24.98,24.97,4,2,8,20,30,1
2020-01-02 09:32:37,25.1,3.000,7530.000,25.14,25.15,25.18,25.19,25.2,16,20,10,23,51,25.1,25.06,25.03,24.98,24.97,2,2,8,20,30,0
2020-01-02 09:32:44,25.14,15.000,37704.000,25.14,25.15,25.18,25.19,25.2,27,20,10,23,51,25.11,25.1,25.06,25.03,25,28,23,2,8,1,1
2020-01-02 09:32:46,25.11,16.000,40218.000,25.14,25.15,25.19,25.2,25.22,34,20,23,51,2,25.11,25.1,25.06,25.03,25,26,23,2,8,1,0
2020-01-02 09:32:49,25.14,13.000,32682.000,25.14,25.15,25.19,25.2,25.22,21,20,23,51,2,25.11,25.1,25.06,25.03,25,39,23,2,8,1,1
2020-01-02 09:32:52,25.14,72.000,180771.000,25.11,25.14,25.15,25.19,25.2,16,18,20,23,51,25.06,25.03,25,24.98,24.97,2,8,1,20,30,1
2020-01-02 09:32:55,25.11,27.000,67712.000,25.14,25.15,25.19,25.2,25.22,18,20,23,51,2,25.12,24.98,24.97,24.96,24.95,2,20,30,95,72,0
2020-01-02 09:32:58,25.11,5.000,12561.000,25.11,25.14,25.15,25.19,25.2,43,18,20,23,51,24.98,24.97,24.96,24.95,24.94,20,30,95,72,222,0
2020-01-02 09:33:01,25.14,60.000,150711.000,25.14,25.15,25.19,25.2,25.22,7,20,23,51,2,25.04,24.98,24.97,24.96,24.95,10,20,30,95,72,1
2020-01-02 09:33:04,25.11,1.000,2511.000,25.1,25.11,25.12,25.14,25.15,36,4,3,27,20,25.05,25.04,25.03,24.98,24.97,3,10,9,20,30,0
2020-01-02 09:33:06,25.05,8.000,20065.000,25.05,25.1,25.11,25.12,25.14,13,31,4,3,27,25.03,24.98,24.97,24.96,24.95,9,20,30,85,72,0
2020-01-02 09:33:09,25.05,2.000,5010.000,25.05,25.1,25.11,25.12,25.14,11,121,4,3,35,25.03,24.98,24.97,24.96,24.95,9,20,30,85,72,1
2020-01-02 09:33:10,25.03,2.000,5006.000,25.05,25.1,25.11,25.12,25.13,11,137,4,3,16,25.03,24.98,24.97,24.96,24.95,7,20,30,85,72,0
2020-01-02 09:33:12,25.03,5.000,12515.000,25.05,25.1,25.11,25.12,25.13,3,137,4,3,16,25.03,24.98,24.97,24.96,24.95,2,20,30,85,72,0
2020-01-02 09:33:13,25.1,137.000,343855.000,25.1,25.11,25.12,25.13,25.14,3,4,15,17,42,25.06,25.03,25,24.98,24.97,1,2,40,20,30,1
2020-01-02 09:33:16,25.06,1.000,2506.000,25.06,25.1,25.11,25.12,25.13,10,3,4,15,17,25.03,25,24.98,24.97,24.96,2,40,20,30,85,0
2020-01-02 09:33:16,25.03,2.000,5006.000,25.03,25.06,25.09,25.1,25.11,4,10,10,3,4,25,24.98,24.97,24.96,24.95,40,20,30,85,72,0
2020-01-02 09:33:19,25.03,4.000,10012.000,25.06,25.09,25.1,25.11,25.12,10,10,3,4,15,25.03,25,24.98,24.97,24.96,6,40,20,30,85,1
2020-01-02 09:33:19,25.06,1.000,2506.000,25.06,25.09,25.1,25.11,25.12,9,10,9,4,15,25.03,25,24.98,24.97,24.96,11,50,20,30,85,1
2020-01-02 09:33:22,25.03,9.000,22527.000,25.06,25.09,25.1,25.11,25.12,2,10,9,4,15,25.03,25,24.98,24.97,24.96,2,50,20,30,85,0
2020-01-02 09:33:22,25.06,9.000,22548.000,25.09,25.1,25.11,25.12,25.13,10,9,4,15,18,25.06,25.05,25.03,25,24.98,3,3,10,50,20,1
2020-01-02 09:33:24,25.06,3.000,7518.000,25.06,25.09,25.1,25.11,25.12,5,10,9,4,15,25.05,25.03,25,24.98,24.97,3,10,50,20,30,0
2020-01-02 09:33:25,25.04,7.000,17531.000,25.06,25.09,25.1,25.11,25.12,5,10,9,4,15,25.04,25.03,25,24.98,24.97,8,10,50,20,30,0
2020-01-02 09:33:26,25.04,3.000,7512.000,25.09,25.1,25.11,25.12,25.13,10,9,4,15,18,25.04,25.03,25,24.98,24.97,5,10,50,20,30,0
2020-01-02 09:33:31,25.06,5.000,12530.000,25.06,25.09,25.1,25.11,25.12,9,10,9,6,15,25.04,25.03,25,24.98,24.97,5,10,50,20,30,1
2020-01-02 09:33:31,25.03,12.000,30041.000,25.06,25.09,25.1,25.11,25.12,9,10,9,6,13,25.03,25,24.98,24.97,24.96,3,50,20,30,85,0
2020-01-02 09:33:34,25,6.000,15009.000,25.03,25.06,25.09,25.1,25.11,2,8,10,9,6,25,24.98,24.97,24.96,24.95,47,20,30,85,72,0
2020-01-02 09:33:34,25.03,5.000,12506.000,25.06,25.09,25.1,25.11,25.12,62,10,9,6,13,25,24.98,24.97,24.96,24.95,44,20,30,85,72,1
2020-01-02 09:33:35,25,39.000,97500.000,25.06,25.09,25.1,25.11,25.12,62,10,9,6,13,25,24.98,24.97,24.96,24.95,5,20,30,85,72,0
2020-01-02 09:33:37,25,5.000,12500.000,25,25.06,25.09,25.1,25.11,105,62,17,9,6,24.98,24.97,24.96,24.95,24.94,20,30,85,72,51,0
2020-01-02 09:33:40,24.98,7.000,17486.000,25,25.06,25.09,25.1,25.11,105,62,17,9,6,24.98,24.97,24.96,24.95,24.94,13,30,85,72,51,0
2020-01-02 09:33:43,24.98,4.000,9992.000,25,25.06,25.09,25.1,25.11,114,62,7,9,6,24.98,24.97,24.96,24.95,24.94,9,30,85,72,51,0
2020-01-02 09:33:43,25,7.000,17500.000,25,25.06,25.09,25.1,25.11,107,62,7,9,6,24.98,24.97,24.96,24.95,24.94,12,30,85,72,51,1
2020-01-02 09:33:46,24.98,3.000,7494.000,25,25.06,25.09,25.1,25.11,107,62,7,9,6,24.98,24.97,24.96,24.95,24.94,9,30,85,72,51,0
2020-01-02 09:33:46,24.98,18.000,44964.000,24.98,25,25.06,25.09,25.1,55,107,62,7,9,24.97,24.96,24.95,24.94,24.93,30,85,72,51,105,0
2020-01-02 09:33:48,24.97,2.000,4994.000,24.98,25,25.06,25.09,25.1,55,107,62,7,9,24.97,24.96,24.95,24.94,24.93,28,85,72,51,105,0
2020-01-02 09:33:49,24.97,1.000,2497.000,24.98,25,25.06,25.09,25.1,63,108,62,7,9,24.97,24.96,24.95,24.94,24.93,5,85,72,51,105,0
2020-01-02 09:33:55,24.97,5.000,12485.000,24.97,24.98,25,25.06,25.09,15,67,99,62,7,24.96,24.95,24.94,24.93,24.92,85,72,57,105,190,0
2020-01-02 09:33:58,24.95,121.000,301980.000,24.97,24.98,25,25.06,25.09,33,12,99,62,7,24.95,24.94,24.93,24.92,24.91,57,62,105,190,2,0
2020-01-02 09:34:01,24.96,1.000,2496.000,24.96,24.97,24.98,25,25.06,15,36,12,99,62,24.95,24.94,24.93,24.92,24.91,57,62,105,190,2,1
2020-01-02 09:34:04,24.95,4.000,9980.000,24.96,24.97,24.98,25,25.06,16,36,12,99,62,24.95,24.94,24.93,24.92,24.91,53,62,105,190,2,0
2020-01-02 09:34:07,24.95,1.000,2495.000,24.96,24.97,24.98,25,25.06,16,36,12,99,62,24.95,24.94,24.93,24.92,24.91,52,62,105,190,2,0
2020-01-02 09:34:10,24.95,3.000,7485.000,24.96,24.97,24.98,25,25.06,16,36,12,99,62,24.95,24.94,24.93,24.92,24.91,64,62,105,190,2,0
2020-01-02 09:34:13,24.95,64.000,159680.000,24.95,24.96,24.97,24.98,25,9,16,36,4,99,24.94,24.93,24.92,24.91,24.9,62,105,190,2,5,0
2020-01-02 09:34:15,24.94,62.000,154628.000,24.95,24.96,24.97,24.98,25,9,16,36,4,99,24.93,24.92,24.91,24.9,24.88,105,190,2,5,3,0
2020-01-02 09:34:16,24.95,176.000,438727.000,24.95,24.96,24.97,24.98,25,7,16,36,4,99,24.91,24.9,24.88,24.85,24.84,2,5,3,26,55,1
2020-01-02 09:34:18,24.91,2.000,4982.000,24.91,24.93,24.95,24.96,24.97,18,10,7,1,36,24.9,24.88,24.85,24.84,24.8,5,3,26,55,70,0
2020-01-02 09:34:19,24.9,5.000,12450.000,24.91,24.93,24.95,24.96,24.97,19,19,23,1,36,24.88,24.85,24.84,24.8,24.79,3,26,55,70,3,0
2020-01-02 09:34:21,24.88,3.000,7464.000,24.91,24.93,24.95,24.96,24.97,18,9,23,1,36,24.85,24.84,24.8,24.79,24.75,26,55,70,3,89,0
2020-01-02 09:34:25,24.85,8.000,19901.000,24.9,24.91,24.95,24.96,24.97,9,3,23,1,36,24.85,24.84,24.8,24.79,24.75,23,55,69,3,89,0
2020-01-02 09:34:31,24.88,22.000,54697.000,24.88,24.9,24.91,24.95,24.96,2,9,3,16,1,24.85,24.84,24.8,24.79,24.75,13,55,70,3,88,1
2020-01-02 09:34:33,24.85,2.000,4970.000,24.88,24.9,24.91,24.95,24.96,2,9,3,16,1,24.85,24.84,24.8,24.79,24.75,11,55,70,3,88,0
2020-01-02 09:34:34,24.85,2.000,4970.000,24.88,24.9,24.91,24.94,24.95,49,9,3,10,16,24.85,24.84,24.8,24.79,24.75,9,55,70,3,88,0
2020-01-02 09:34:36,24.85,9.000,22365.000,24.88,24.9,24.91,24.94,24.95,49,9,3,10,16,24.84,24.8,24.79,24.75,24.71,55,70,3,88,118,0
2020-01-02 09:34:37,24.85,3.000,7455.000,24.85,24.88,24.91,24.94,24.95,48,49,3,10,16,24.84,24.8,24.79,24.75,24.71,55,70,51,88,118,0
2020-01-02 09:34:39,24.85,59.000,146570.000,24.85,24.88,24.91,24.94,24.95,36,49,3,10,16,24.84,24.8,24.79,24.75,24.71,10,70,57,88,118,1
2020-01-02 09:34:40,24.8,18.000,44680.000,24.85,24.88,24.94,24.95,24.96,37,49,10,16,1,24.8,24.79,24.78,24.75,24.71,62,57,10,88,118,0
2020-01-02 09:34:46,24.8,5.000,12400.000,24.84,24.85,24.88,24.95,24.96,3,97,49,16,1,24.8,24.79,24.78,24.75,24.71,57,57,10,88,118,0
2020-01-02 09:34:49,24.8,2.000,4960.000,24.84,24.85,24.88,24.95,24.96,3,63,49,16,1,24.81,24.8,24.79,24.78,24.75,1,55,63,10,88,0
2020-01-02 09:34:51,24.84,1.000,2484.000,24.84,24.85,24.88,24.95,24.96,2,63,48,16,1,24.81,24.8,24.79,24.78,24.75,1,55,63,10,88,1
2020-01-02 09:34:55,24.8,10.000,24801.000,24.85,24.88,24.95,24.96,24.97,63,48,16,1,33,24.8,24.79,24.78,24.75,24.71,46,63,10,88,115,0
2020-01-02 09:34:58,24.8,1.000,2480.000,24.85,24.88,24.95,24.96,24.97,63,48,16,1,33,24.8,24.79,24.78,24.75,24.71,53,63,10,88,115,0
2020-01-02 09:35:01,24.84,4.000,9936.000,24.85,24.88,24.95,24.96,24.97,63,48,16,1,33,24.84,24.82,24.8,24.79,24.78,1,40,61,63,10,1
2020-01-02 09:35:03,24.82,15.000,37232.000,24.85,24.88,24.95,24.96,24.97,65,48,16,1,33,24.82,24.81,24.8,24.79,24.78,26,18,61,63,10,0
2020-01-02 09:35:04,24.82,1.000,2482.000,24.84,24.85,24.88,24.94,24.95,2,65,48,2,16,24.82,24.81,24.8,24.79,24.78,25,21,74,63,10,0
2020-01-02 09:35:10,24.85,11.000,27331.000,24.84,24.85,24.88,24.94,24.95,5,68,48,2,16,24.83,24.82,24.81,24.8,24.79,3,25,105,74,63,1
2020-01-02 09:35:13,24.84,22.000,54621.000,24.85,24.88,24.94,24.95,24.96,19,48,2,16,1,24.84,24.82,24.81,24.8,24.79,11,15,105,76,63,0
2020-01-02 09:35:17,24.84,1.000,2484.000,24.85,24.88,24.94,24.95,24.96,19,48,2,16,1,24.84,24.82,24.81,24.8,24.79,10,15,105,99,63,0
2020-01-02 09:35:19,24.84,3.000,7453.000,24.85,24.88,24.94,24.95,24.96,19,48,2,16,1,24.84,24.82,24.81,24.8,24.79,8,15,105,99,63,0
2020-01-02 09:35:22,24.85,8.000,19880.000,24.85,24.88,24.94,24.95,24.96,11,48,2,16,1,24.84,24.82,24.81,24.8,24.79,10,15,105,99,63,1
2020-01-02 09:35:24,24.85,11.000,27335.000,24.88,24.94,24.95,24.96,24.97,48,2,16,1,31,24.85,24.84,24.82,24.81,24.8,10,10,15,105,99,1
2020-01-02 09:35:25,24.84,22.000,54657.000,24.84,24.88,24.94,24.95,24.96,11,48,2,16,1,24.82,24.81,24.8,24.79,24.78,15,105,99,63,10,0
2020-01-02 09:35:28,24.84,9.000,22356.000,24.84,24.88,24.94,24.95,24.96,12,48,2,16,1,24.82,24.81,24.8,24.79,24.78,15,105,100,63,10,1
2020-01-02 09:35:34,24.84,1.000,2484.000,24.84,24.88,24.94,24.95,24.96,22,47,2,16,5,24.82,24.81,24.8,24.79,24.78,22,105,107,63,10,1
2020-01-02 09:35:37,24.84,4.000,9936.000,24.84,24.88,24.94,24.95,24.96,18,47,2,16,5,24.83,24.82,24.81,24.8,24.79,2,22,125,107,63,1
2020-01-02 09:35:41,24.82,24.000,59570.000,24.82,24.84,24.88,24.94,24.95,10,18,47,2,16,24.81,24.8,24.79,24.78,24.75,125,107,63,10,106,0
2020-01-02 09:35:44,24.82,6.000,14892.000,24.82,24.84,24.88,24.94,24.95,8,18,47,2,16,24.81,24.8,24.79,24.78,24.75,125,100,63,10,106,1
2020-01-02 09:35:46,24.81,131.000,325017.000,24.81,24.82,24.83,24.84,24.88,5,2,1,18,47,24.8,24.79,24.78,24.75,24.71,99,63,10,106,115,0
2020-01-02 09:35:52,24.81,5.000,12405.000,24.82,24.83,24.84,24.88,24.94,2,1,18,47,2,24.8,24.79,24.78,24.75,24.71,99,63,10,106,115,1
2020-01-02 09:35:55,24.8,11.000,27280.000,24.82,24.83,24.84,24.88,24.94,2,1,11,47,2,24.8,24.79,24.78,24.75,24.71,88,63,10,106,115,0
2020-01-02 09:35:57,24.82,2.000,4964.000,24.83,24.84,24.88,24.94,24.95,1,11,47,2,16,24.81,24.8,24.79,24.78,24.75,5,88,63,10,106,1
2020-01-02 09:36:00,24.83,1.000,2483.000,24.84,24.88,24.94,24.95,24.96,11,47,2,16,5,24.83,24.81,24.8,24.79,24.78,1,7,88,63,10,1
2020-01-02 09:36:01,24.81,8.000,19850.000,24.81,24.84,24.88,24.94,24.95,2,11,47,2,16,24.8,24.79,24.78,24.75,24.72,88,124,10,107,1,0
2020-01-02 09:36:03,24.8,1.000,2480.000,24.81,24.84,24.88,24.94,24.95,2,11,47,2,16,24.8,24.79,24.78,24.75,24.72,87,124,10,107,1,0
2020-01-02 09:36:04,24.81,2.000,4962.000,24.84,24.88,24.94,24.95,24.96,11,47,2,16,5,24.81,24.8,24.79,24.78,24.75,48,87,124,10,108,1
2020-01-02 09:36:07,24.81,23.000,57063.000,24.84,24.88,24.94,24.95,24.96,11,47,2,16,5,24.81,24.8,24.79,24.78,24.75,25,87,124,10,108,0
2020-01-02 09:36:12,24.81,2.000,4962.000,24.84,24.85,24.88,24.94,24.95,12,1,47,2,16,24.81,24.8,24.79,24.78,24.75,23,87,124,10,108,0
2020-01-02 09:36:13,24.84,9.000,22343.000,24.84,24.85,24.88,24.94,24.95,10,1,47,2,16,24.81,24.8,24.79,24.78,24.75,21,89,124,10,108,1
2020-01-02 09:36:15,24.81,2.000,4962.000,24.84,24.85,24.88,24.94,24.95,10,1,47,2,16,24.81,24.8,24.79,24.78,24.75,21,89,124,10,108,0
2020-01-02 09:36:19,24.82,2.000,4963.000,24.83,24.84,24.85,24.88,24.94,3,10,1,47,2,24.81,24.8,24.79,24.78,24.75,20,119,124,10,108,1
2020-01-02 09:36:23,24.81,6.000,14886.000,24.83,24.84,24.85,24.88,24.94,3,24,1,47,2,24.81,24.8,24.79,24.78,24.75,14,119,124,10,108,0
2020-01-02 09:36:26,24.81,3.000,7443.000,24.83,24.84,24.85,24.88,24.94,3,24,1,47,2,24.81,24.8,24.79,24.78,24.75,13,139,124,10,108,0
2020-01-02 09:36:29,24.83,13.000,32259.000,24.84,24.85,24.88,24.94,24.95,24,1,47,2,16,24.83,24.81,24.8,24.79,24.78,12,8,139,124,10,1
2020-01-02 09:36:32,24.8,29.000,71964.000,24.82,24.84,24.85,24.88,24.94,4,24,1,47,2,24.8,24.79,24.78,24.75,24.72,130,124,10,108,6,0
2020-01-02 09:36:34,24.84,5.000,12412.000,24.84,24.85,24.88,24.94,24.95,23,1,47,2,16,24.8,24.79,24.78,24.75,24.72,130,124,10,108,6,1
2020-01-02 09:36:34,24.81,1.000,2481.000,24.81,24.83,24.84,24.85,24.88,3,9,23,1,47,24.8,24.79,24.78,24.75,24.72,130,124,72,108,6,0
2020-01-02 09:36:37,24.8,31.000,76921.000,24.83,24.84,24.85,24.88,24.94,21,23,1,47,2,24.8,24.79,24.78,24.75,24.72,133,124,72,108,6,0
2020-01-02 09:36:41,24.8,12.000,29760.000,24.83,24.84,24.85,24.88,24.94,21,23,1,47,2,24.8,24.79,24.78,24.75,24.72,121,124,72,108,6,0
2020-01-02 09:36:43,24.83,21.000,52143.000,24.84,24.85,24.88,24.94,24.95,23,1,47,2,16,24.83,24.8,24.79,24.78,24.75,29,128,124,72,108,1
2020-01-02 09:36:46,24.83,21.000,52143.000,24.84,24.85,24.88,24.94,24.95,23,1,47,2,16,24.83,24.8,24.79,24.78,24.75,8,131,124,72,109,0
2020-01-02 09:36:49,24.84,54.000,134083.000,24.85,24.88,24.94,24.95,24.96,1,47,2,16,5,24.84,24.81,24.8,24.79,24.78,26,123,131,124,72,1
2020-01-02 09:37:01,24.84,15.000,37260.000,24.85,24.88,24.94,24.95,24.96,1,47,2,16,5,24.84,24.83,24.82,24.81,24.8,21,1,10,123,136,0
2020-01-02 09:37:04,24.95,62.000,154349.000,24.95,24.96,24.97,25,25.06,4,5,15,4,54,24.84,24.83,24.82,24.81,24.8,21,1,10,123,136,1
2020-01-02 09:37:10,24.84,5.000,12423.000,24.95,24.96,24.97,25,25.06,4,5,15,4,54,24.85,24.84,24.83,24.82,24.81,10,19,11,10,123,0
2020-01-02 09:37:16,24.95,6.000,14970.000,24.95,24.96,24.97,25,25.06,3,5,15,4,54,24.85,24.84,24.83,24.82,24.81,10,19,11,10,123,1
2020-01-02 09:37:19,24.85,1.000,2485.000,24.9,24.94,24.96,24.97,25,17,9,5,15,4,24.85,24.84,24.83,24.82,24.81,9,29,81,10,128,0
2020-01-02 09:37:22,24.85,2.000,4970.000,24.9,24.94,24.96,24.97,25,21,9,5,15,4,24.85,24.84,24.83,24.82,24.81,18,29,81,10,128,0
2020-01-02 09:37:25,24.9,13.000,32370.000,24.9,24.94,24.96,24.97,25,8,9,5,15,4,24.85,24.84,24.83,24.82,24.81,18,29,131,10,128,1
2020-01-02 09:37:28,24.85,1.000,2485.000,24.9,24.94,24.96,24.97,25,8,9,5,15,4,24.85,24.84,24.83,24.82,24.81,22,31,131,10,128,0
2020-01-02 09:37:29,24.85,22.000,54670.000,24.9,24.94,24.96,24.97,25,8,9,5,15,4,24.85,24.84,24.83,24.82,24.81,2,31,131,10,128,0
2020-01-02 09:37:34,24.85,48.000,119279.000,24.9,24.94,24.96,24.97,25,8,9,1,15,3,24.85,24.84,24.83,24.82,24.81,19,21,81,72,128,0
2020-01-02 09:37:39,24.91,11.000,27392.000,24.94,24.96,24.97,25,25.05,9,1,15,3,6,24.91,24.85,24.84,24.83,24.82,1,24,21,81,72,1
2020-01-02 09:37:43,24.91,1.000,2491.000,24.91,24.94,24.96,24.97,25,7,9,1,15,3,24.85,24.84,24.83,24.82,24.81,24,21,81,72,128,0
2020-01-02 09:37:46,24.85,48.000,119280.000,24.85,24.91,24.94,24.96,24.97,53,43,9,1,15,24.84,24.83,24.82,24.81,24.8,21,81,72,128,154,0
2020-01-02 09:37:48,24.84,10.000,24840.000,24.85,24.91,24.94,24.96,24.97,53,33,9,43,15,24.84,24.83,24.82,24.81,24.8,13,81,72,128,154,0
2020-01-02 09:37:50,24.84,9.000,22361.000,24.85,24.91,24.94,24.96,24.97,48,33,9,43,15,24.84,24.83,24.82,24.81,24.8,11,81,72,5,154,0
2020-01-02 09:37:52,24.84,11.000,27324.000,24.84,24.85,24.91,24.94,24.96,20,48,25,9,43,24.83,24.82,24.81,24.8,24.79,81,72,5,154,124,0
2020-01-02 09:37:52,24.84,10.000,24840.000,24.84,24.85,24.91,24.94,24.96,12,48,16,9,43,24.83,24.82,24.81,24.8,24.79,81,72,5,154,124,1
2020-01-02 09:37:54,24.84,43.000,106776.000,24.85,24.91,24.94,24.96,24.97,48,16,9,43,15,24.84,24.83,24.82,24.81,24.8,43,45,72,5,154,1
2020-01-02 09:37:55,24.84,11.000,27323.000,24.85,24.91,24.94,24.96,24.97,48,16,9,43,15,24.84,24.83,24.82,24.81,24.8,48,45,72,5,154,0
2020-01-02 09:37:57,24.84,26.000,64585.000,24.85,24.91,24.94,24.96,24.97,48,16,9,43,15,24.84,24.83,24.82,24.81,24.8,22,45,72,5,154,0
2020-01-02 09:37:58,24.84,8.000,19874.000,24.85,24.91,24.94,24.96,24.97,46,16,9,43,15,24.84,24.83,24.82,24.81,24.8,17,45,72,5,154,0
2020-01-02 09:38:00,24.84,17.000,42228.000,24.84,24.85,24.91,24.94,24.96,6,49,16,9,43,24.83,24.82,24.81,24.8,24.79,45,72,25,154,124,0
2020-01-02 09:38:01,24.83,1.000,2484.000,24.84,24.85,24.91,24.94,24.95,8,49,16,9,12,24.83,24.82,24.81,24.8,24.79,44,72,31,154,124,0
2020-01-02 09:38:03,24.83,15.000,37244.000,24.84,24.85,24.91,24.94,24.95,28,49,29,9,12,24.83,24.82,24.81,24.8,24.79,29,72,31,154,124,0
2020-01-02 09:38:04,24.8,294.000,729552.000,24.84,24.85,24.91,24.94,24.95,13,49,29,9,12,24.8,24.79,24.78,24.75,24.72,102,124,86,114,6,0
2020-01-02 09:38:06,24.8,11.000,27300.000,24.82,24.84,24.85,24.91,24.94,9,8,49,29,9,24.8,24.79,24.78,24.75,24.72,96,124,86,114,6,0
2020-01-02 09:38:07,24.81,1.000,2480.000,24.81,24.82,24.84,24.85,24.91,2,10,11,49,28,24.8,24.79,24.78,24.77,24.75,96,124,86,4,114,1
2020-01-02 09:38:09,24.8,1.000,2481.000,24.81,24.82,24.84,24.85,24.91,2,1,11,49,28,24.8,24.79,24.78,24.77,24.75,95,124,86,4,114,0
2020-01-02 09:38:10,24.81,1.000,2481.000,24.81,24.82,24.83,24.84,24.85,1,1,11,8,3,24.8,24.79,24.78,24.77,24.75,95,124,86,4,114,1
2020-01-02 09:38:12,24.8,1.000,2480.000,24.81,24.82,24.83,24.84,24.85,1,1,11,8,3,24.8,24.79,24.78,24.77,24.75,94,124,86,4,114,0
2020-01-02 09:38:15,24.8,45.000,111600.000,24.81,24.82,24.83,24.84,24.85,2,3,11,8,3,24.8,24.79,24.78,24.77,24.75,119,124,86,4,114,0
2020-01-02 09:38:16,24.8,7.000,17360.000,24.81,24.82,24.83,24.84,24.85,2,3,11,8,3,24.8,24.79,24.78,24.77,24.75,112,124,86,4,114,0
2020-01-02 09:38:18,24.85,28.000,69533.000,24.91,24.95,24.96,24.97,25,27,12,1,15,3,24.85,24.81,24.8,24.79,24.78,94,3,112,124,86,1
2020-01-02 09:38:21,24.85,12.000,29820.000,24.91,24.95,24.96,24.97,25,27,12,1,15,3,24.85,24.81,24.8,24.79,24.78,82,53,113,124,86,0
2020-01-02 09:38:22,24.85,4.000,9940.000,24.9,24.91,24.95,24.96,24.97,9,29,12,1,15,24.85,24.81,24.8,24.79,24.78,78,71,113,124,86,0
2020-01-02 09:38:25,24.9,1.000,2490.000,24.91,24.95,24.96,24.97,25,16,12,1,15,3,24.85,24.81,24.8,24.79,24.78,79,71,116,124,86,1
2020-01-02 09:38:28,24.85,4.000,9940.000,24.91,24.95,24.96,24.97,25,16,12,1,15,3,24.85,24.81,24.8,24.79,24.78,76,71,134,124,86,0
2020-01-02 09:38:31,24.85,12.000,29820.000,24.91,24.95,24.96,24.97,25,17,12,1,15,3,24.85,24.82,24.81,24.8,24.79,66,60,81,134,124,0
2020-01-02 09:38:36,24.9,6.000,14941.000,24.91,24.95,24.96,24.97,25,16,12,1,15,3,24.9,24.86,24.85,24.82,24.81,4,1,66,60,81,1
2020-01-02 09:38:37,24.85,71.000,176457.000,24.85,24.91,24.95,24.96,24.97,5,15,12,1,15,24.82,24.81,24.8,24.79,24.78,60,81,134,124,86,0
2020-01-02 09:38:40,24.83,2.000,4966.000,24.85,24.86,24.9,24.91,24.94,5,12,126,13,10,24.83,24.82,24.81,24.8,24.79,1,60,81,139,124,0
2020-01-02 09:38:42,24.83,1.000,2483.000,24.85,24.86,24.9,24.91,24.94,5,12,126,12,10,24.82,24.81,24.8,24.79,24.78,60,81,139,124,86,0
2020-01-02 09:38:45,24.82,1.000,2482.000,24.83,24.85,24.86,24.9,24.91,1,5,12,139,12,24.82,24.81,24.8,24.79,24.78,59,83,139,124,86,0
2020-01-02 09:38:46,24.83,1.000,2483.000,24.85,24.86,24.9,24.91,24.94,5,12,139,12,10,24.84,24.83,24.82,24.81,24.8,10,10,59,83,139,1
2020-01-02 09:38:53,24.85,3.000,7454.000,24.85,24.9,24.91,24.95,24.96,4,139,11,12,1,24.84,24.83,24.82,24.81,24.8,9,10,59,83,152,1
2020-01-02 09:38:58,24.84,16.000,39744.000,24.84,24.85,24.88,24.9,24.91,9,4,44,139,4,24.83,24.82,24.81,24.8,24.79,72,59,83,152,124,0
2020-01-02 09:39:04,24.84,13.000,32292.000,24.84,24.85,24.88,24.9,24.91,27,9,44,139,4,24.83,24.82,24.81,24.8,24.79,72,59,83,152,124,1
2020-01-02 09:39:10,24.84,15.000,37251.000,24.84,24.85,24.88,24.9,24.91,41,8,71,139,4,24.83,24.82,24.81,24.8,24.79,67,67,83,157,124,1
2020-01-02 09:39:13,24.83,4.000,9933.000,24.84,24.85,24.88,24.9,24.91,41,8,71,126,4,24.83,24.82,24.81,24.8,24.79,63,67,83,167,124,0
2020-01-02 09:39:15,24.83,5.000,12414.000,24.84,24.85,24.88,24.9,24.91,41,8,71,126,4,24.83,24.82,24.81,24.8,24.79,58,67,91,167,124,0
2020-01-02 09:39:16,24.83,16.000,39727.000,24.84,24.85,24.88,24.9,24.91,40,8,71,126,4,24.83,24.82,24.81,24.8,24.79,42,67,91,167,124,0
2020-01-02 09:39:19,24.85,50.000,124210.000,24.87,24.88,24.9,24.91,24.95,25,71,126,2,12,24.84,24.83,24.82,24.81,24.8,104,34,67,91,167,1
2020-01-02 09:39:22,24.84,49.000,121716.000,24.87,24.88,24.9,24.91,24.95,25,71,126,2,12,24.84,24.83,24.82,24.81,24.8,55,41,67,91,167,0
2020-01-02 09:39:25,24.84,38.000,94391.000,24.87,24.88,24.9,24.91,24.95,25,71,126,2,12,24.84,24.83,24.82,24.81,24.8,17,41,67,91,167,0
2020-01-02 09:39:28,24.85,5.000,12422.000,24.85,24.87,24.88,24.9,24.91,10,25,71,126,2,24.84,24.83,24.82,24.81,24.8,23,41,67,91,167,1
2020-01-02 09:39:31,24.84,7.000,17391.000,24.85,24.87,24.88,24.9,24.91,7,25,71,126,2,24.84,24.83,24.82,24.81,24.8,69,41,67,91,167,0
2020-01-02 09:39:34,24.85,2.000,4969.000,24.85,24.87,24.88,24.9,24.91,6,25,71,126,2,24.84,24.83,24.82,24.81,24.8,68,41,67,91,167,1
2020-01-02 09:39:36,24.84,19.000,47196.000,24.85,24.87,24.88,24.9,24.91,47,25,71,126,2,24.84,24.83,24.82,24.81,24.8,49,41,67,91,167,0
2020-01-02 09:39:39,24.83,57.000,141580.000,24.85,24.87,24.88,24.9,24.91,57,25,71,126,2,24.83,24.82,24.81,24.8,24.79,33,67,91,167,124,0
2020-01-02 09:39:43,24.83,20.000,49660.000,24.85,24.87,24.88,24.9,24.91,57,25,71,126,2,24.83,24.82,24.81,24.8,24.79,13,67,91,154,124,0
2020-01-02 09:39:45,24.83,13.000,32279.000,24.83,24.85,24.87,24.88,24.9,7,57,25,71,126,24.82,24.81,24.8,24.79,24.78,67,91,154,124,89,0
2020-01-02 09:39:46,24.83,6.000,14898.000,24.83,24.85,24.87,24.88,24.9,1,57,25,71,126,24.82,24.81,24.8,24.79,24.78,67,91,154,124,89,1
2020-01-02 09:39:49,24.83,59.000,146482.000,24.83,24.85,24.87,24.88,24.9,58,57,25,71,126,24.82,24.81,24.8,24.79,24.78,52,91,156,124,89,1
2020-01-02 09:39:52,24.82,20.000,49639.000,24.83,24.85,24.87,24.88,24.9,58,57,25,71,126,24.82,24.81,24.8,24.79,24.78,32,91,156,124,89,0
2020-01-02 09:39:55,24.83,253.000,627681.000,24.82,24.83,24.85,24.87,24.88,78,140,57,25,71,24.8,24.79,24.78,24.77,24.75,73,124,89,6,114,1
2020-01-02 09:39:57,24.8,2.000,4960.000,24.82,24.83,24.85,24.87,24.88,79,140,57,25,71,24.8,24.79,24.78,24.77,24.75,73,124,89,6,114,0
2020-01-02 09:39:58,24.8,9.000,22320.000,24.82,24.83,24.85,24.87,24.88,79,140,57,25,27,24.8,24.79,24.78,24.77,24.75,64,124,89,6,114,0
2020-01-02 09:40:01,24.8,64.000,158720.000,24.8,24.82,24.83,24.85,24.87,16,179,140,57,25,24.79,24.78,24.77,24.75,24.72,124,91,6,114,6,0
2020-01-02 09:40:02,24.79,11.000,27269.000,24.8,24.82,24.83,24.85,24.87,16,179,140,57,25,24.79,24.78,24.77,24.75,24.72,113,91,6,114,6,0
2020-01-02 09:40:04,24.79,11.000,27280.000,24.8,24.82,24.83,24.85,24.87,45,279,140,57,25,24.79,24.78,24.77,24.75,24.72,112,91,6,114,6,0
2020-01-02 09:40:06,24.79,112.000,277647.000,24.8,24.82,24.83,24.85,24.87,45,279,140,57,25,24.78,24.77,24.75,24.72,24.71,91,6,114,6,116,0
2020-01-02 09:40:07,24.79,33.000,81833.000,24.8,24.82,24.83,24.85,24.87,51,278,140,57,25,24.78,24.77,24.75,24.72,24.71,91,6,114,6,116,0
2020-01-02 09:40:09,24.79,75.000,185880.000,24.79,24.8,24.82,24.83,24.85,12,51,278,140,57,24.78,24.77,24.75,24.72,24.71,46,6,114,6,116,0
2020-01-02 09:40:10,24.78,31.000,76821.000,24.79,24.8,24.82,24.83,24.85,9,81,200,140,57,24.78,24.77,24.76,24.75,24.72,18,6,20,114,6,0
2020-01-02 09:40:12,24.78,18.000,44604.000,24.78,24.79,24.8,24.82,24.83,2,9,81,200,140,24.77,24.76,24.75,24.72,24.71,6,20,114,6,116,0
2020-01-02 09:40:13,24.78,111.000,274762.000,24.78,24.79,24.8,24.82,24.83,14,17,81,200,140,24.75,24.72,24.71,24.7,24.68,31,6,116,41,18,1
2020-01-02 09:40:14,24.75,5.000,12376.000,24.77,24.78,24.79,24.8,24.82,8,19,17,81,200,24.75,24.72,24.71,24.7,24.68,26,6,116,41,18,0
2020-01-02 09:40:16,24.75,4.000,9900.000,24.77,24.78,24.79,24.8,24.82,8,19,17,81,200,24.75,24.72,24.71,24.7,24.68,17,6,116,41,18,0
2020-01-02 09:40:18,24.75,9.000,22275.000,24.77,24.78,24.79,24.8,24.82,8,19,17,81,200,24.75,24.72,24.71,24.7,24.68,8,6,116,41,18,0
2020-01-02 09:40:19,24.75,10.000,24750.000,24.77,24.78,24.79,24.8,24.82,8,19,17,52,200,24.72,24.71,24.7,24.68,24.66,6,116,41,18,18,0
2020-01-02 09:40:20,24.72,5.000,12360.000,24.75,24.77,24.78,24.79,24.8,26,86,19,17,52,24.72,24.71,24.7,24.68,24.66,1,116,41,18,18,0
2020-01-02 09:40:24,24.72,1.000,2472.000,24.72,24.75,24.77,24.78,24.79,109,26,86,19,8,24.71,24.7,24.68,24.66,24.65,116,41,18,18,2,0
2020-01-02 09:40:24,24.72,11.000,27192.000,24.72,24.75,24.77,24.78,24.79,107,26,86,19,8,24.71,24.7,24.68,24.66,24.65,116,41,18,18,2,1
2020-01-02 09:40:27,24.71,32.000,79072.000,24.72,24.75,24.77,24.78,24.79,105,26,86,19,8,24.71,24.7,24.68,24.66,24.65,84,41,18,18,2,0
2020-01-02 09:40:28,24.71,25.000,61775.000,24.72,24.75,24.77,24.78,24.79,122,26,86,19,8,24.71,24.7,24.68,24.66,24.65,59,41,18,18,2,0
2020-01-02 09:40:30,24.71,8.000,19768.000,24.72,24.75,24.77,24.78,24.79,129,26,86,19,8,24.71,24.7,24.68,24.66,24.65,51,41,18,18,2,0
2020-01-02 09:40:31,24.71,4.000,9884.000,24.72,24.75,24.77,24.78,24.79,122,26,86,19,8,24.71,24.7,24.68,24.66,24.65,47,46,18,18,2,0
2020-01-02 09:40:33,24.71,20.000,49420.000,24.72,24.75,24.77,24.78,24.79,122,26,86,19,8,24.71,24.7,24.68,24.66,24.65,27,46,18,18,2,0
2020-01-02 09:40:34,24.7,37.000,91416.000,24.71,24.72,24.75,24.77,24.78,24,25,26,86,19,24.7,24.68,24.66,24.65,24.64,36,18,18,2,14,0
2020-01-02 09:40:36,24.7,6.000,14820.000,24.71,24.72,24.75,24.77,24.78,28,15,26,86,19,24.7,24.68,24.66,24.65,24.64,31,18,18,2,14,0
2020-01-02 09:40:36,24.69,62.000,153158.000,24.69,24.71,24.72,24.75,24.77,3,8,15,26,86,24.68,24.66,24.65,24.64,24.61,18,18,2,14,13,0
2020-01-02 09:40:39,24.68,3.000,7404.000,24.69,24.71,24.72,24.75,24.77,3,16,15,26,86,24.68,24.66,24.65,24.64,24.61,15,18,2,14,13,0
2020-01-02 09:40:42,24.68,3.000,7404.000,24.69,24.7,24.71,24.72,24.75,3,9,18,14,26,24.68,24.66,24.65,24.64,24.61,12,18,2,14,13,0
2020-01-02 09:40:43,24.68,63.000,155618.000,24.68,24.72,24.75,24.77,24.78,66,14,26,8,89,24.66,24.65,24.64,24.61,24.6,18,2,14,13,17,0
2020-01-02 09:40:45,24.66,4.000,9864.000,24.68,24.72,24.75,24.78,24.79,70,12,26,89,8,24.66,24.65,24.64,24.61,24.6,14,2,14,13,17,0
2020-01-02 09:40:48,24.68,1.000,2468.000,24.68,24.7,24.72,24.75,24.78,77,22,7,18,89,24.66,24.65,24.64,24.61,24.6,14,2,14,13,17,1
2020-01-02 09:40:51,24.66,1.000,2468.000,24.68,24.7,24.75,24.78,24.8,157,12,18,89,32,24.66,24.65,24.64,24.61,24.6,13,2,14,13,17,0
2020-01-02 09:40:51,24.66,118.000,290996.000,24.66,24.68,24.7,24.75,24.78,25,152,12,18,89,24.65,24.64,24.61,24.6,24.58,52,14,13,17,4,0
2020-01-02 09:40:54,24.66,2.000,4932.000,24.66,24.68,24.7,24.75,24.78,23,152,12,18,89,24.65,24.64,24.61,24.6,24.58,52,14,13,17,4,1
2020-01-02 09:40:54,24.66,10.000,24660.000,24.66,24.68,24.7,24.75,24.78,23,152,12,18,89,24.65,24.64,24.61,24.6,24.58,52,14,13,17,4,1
2020-01-02 09:40:57,24.65,2.000,4932.000,24.66,24.68,24.7,24.75,24.78,23,144,12,18,89,24.65,24.64,24.61,24.6,24.58,50,14,13,17,4,0
2020-01-02 09:40:57,24.66,1.000,2464.000,24.66,24.68,24.7,24.75,24.78,29,64,12,18,89,24.65,24.64,24.61,24.6,24.58,56,14,13,17,4,1
2020-01-02 09:41:00,24.66,5.000,12332.000,24.66,24.68,24.7,24.75,24.78,24,64,12,18,89,24.65,24.64,24.62,24.61,24.6,56,14,4,13,17,1
2020-01-02 09:41:00,24.65,44.000,108468.000,24.66,24.68,24.7,24.75,24.78,4,64,12,18,89,24.65,24.64,24.62,24.61,24.6,22,14,4,13,87,0
2020-01-02 09:41:03,24.65,8.000,19720.000,24.66,24.68,24.7,24.75,24.78,4,64,12,18,89,24.65,24.64,24.62,24.61,24.6,14,14,4,13,87,0
2020-01-02 09:41:03,24.65,18.000,44372.000,24.65,24.66,24.68,24.7,24.75,76,4,6,12,18,24.64,24.62,24.61,24.6,24.58,14,4,13,87,4,0
2020-01-02 09:41:06,24.65,5.000,12324.000,24.65,24.66,24.68,24.7,24.75,72,4,2,12,18,24.64,24.62,24.61,24.6,24.58,14,14,13,87,4,1
2020-01-02 09:41:07,24.65,6.000,14788.000,24.65,24.66,24.68,24.7,24.75,70,4,2,12,18,24.64,24.62,24.61,24.6,24.58,13,14,13,87,4,1
2020-01-02 09:41:09,24.63,22.000,54200.000,24.63,24.64,24.65,24.66,24.68,3,4,86,4,2,24.62,24.61,24.6,24.58,24.57,24,13,87,4,2,0
2020-01-02 09:41:13,24.65,74.000,182400.000,24.65,24.66,24.68,24.7,24.74,18,4,2,12,3,24.62,24.61,24.6,24.58,24.57,24,13,87,4,2,1
2020-01-02 09:41:15,24.65,8.000,19720.000,24.64,24.65,24.66,24.68,24.7,1,10,4,2,12,24.62,24.61,24.6,24.58,24.57,24,13,87,4,2,1
2020-01-02 09:41:16,24.64,1.000,2464.000,24.65,24.66,24.68,24.7,24.74,10,4,2,12,3,24.64,24.63,24.62,24.61,24.6,4,42,24,13,90,0
2020-01-02 09:41:18,24.65,21.000,51752.000,24.66,24.68,24.7,24.74,24.75,4,2,12,3,18,24.65,24.63,24.62,24.61,24.6,24,42,27,13,90,1
2020-01-02 09:41:20,24.66,7.000,17260.000,24.68,24.7,24.74,24.75,24.78,2,12,3,18,89,24.66,24.65,24.63,24.62,24.61,18,24,47,29,13,1
2020-01-02 09:41:21,24.62,118.000,290708.000,24.62,24.68,24.7,24.74,24.75,48,2,12,3,18,24.61,24.6,24.58,24.57,24.56,13,90,4,12,15,0
2020-01-02 09:41:24,24.62,48.000,118176.000,24.68,24.7,24.74,24.75,24.78,2,12,3,18,89,24.62,24.61,24.6,24.58,24.57,36,13,90,4,12,1
2020-01-02 09:41:25,24.66,1.000,2466.000,24.68,24.7,24.74,24.75,24.78,2,12,3,18,89,24.66,24.65,24.63,24.62,24.61,4,2,18,26,13,1
2020-01-02 09:41:27,24.66,6.000,14796.000,24.66,24.68,24.7,24.74,24.75,10,2,12,3,18,24.65,24.63,24.62,24.61,24.6,2,18,26,13,90,0
2020-01-02 09:41:28,24.65,57.000,140506.000,24.65,24.66,24.68,24.7,24.74,179,10,2,12,3,24.63,24.62,24.61,24.6,24.57,38,26,13,90,12,0
2020-01-02 09:41:30,24.65,6.000,14788.000,24.65,24.66,24.68,24.7,24.74,173,10,2,12,3,24.63,24.62,24.61,24.6,24.57,38,23,13,90,12,1
2020-01-02 09:41:31,24.65,5.000,12326.000,24.65,24.66,24.68,24.7,24.74,168,10,2,12,3,24.63,24.62,24.61,24.6,24.57,38,23,13,90,12,1
2020-01-02 09:41:33,24.65,10.000,24650.000,24.65,24.66,24.68,24.7,24.74,225,10,2,12,3,24.64,24.63,24.62,24.61,24.6,12,38,24,13,94,1
2020-01-02 09:41:34,24.65,15.000,36964.000,24.65,24.66,24.68,24.7,24.74,220,10,2,12,3,24.64,24.63,24.62,24.61,24.6,2,38,24,13,104,1
2020-01-02 09:41:36,24.65,20.000,49300.000,24.65,24.66,24.68,24.7,24.74,200,19,2,12,3,24.64,24.63,24.62,24.61,24.6,2,38,24,13,104,1
2020-01-02 09:41:40,24.65,150.000,369752.000,24.65,24.66,24.68,24.7,24.74,53,19,2,12,3,24.64,24.63,24.62,24.61,24.6,2,38,26,13,106,1
2020-01-02 09:41:40,24.64,55.000,135572.000,24.66,24.68,24.7,24.74,24.75,56,2,12,3,18,24.64,24.63,24.62,24.61,24.6,1,38,26,13,106,0
2020-01-02 09:41:43,24.66,56.000,138096.000,24.68,24.7,24.74,24.75,24.78,2,15,3,18,89,24.66,24.64,24.63,24.62,24.61,10,13,38,6,13,1
2020-01-02 09:41:45,24.66,10.000,24660.000,24.68,24.7,24.74,24.75,24.78,2,15,3,18,89,24.65,24.64,24.63,24.62,24.61,29,13,55,6,13,0
2020-01-02 09:41:52,24.65,16.000,39446.000,24.66,24.68,24.7,24.74,24.75,97,4,15,3,18,24.65,24.64,24.63,24.62,24.61,18,13,55,6,13,0
2020-01-02 09:41:55,24.66,24.000,59166.000,24.66,24.68,24.7,24.74,24.75,90,4,15,3,18,24.65,24.64,24.63,24.62,24.61,1,13,55,9,13,1
2020-01-02 09:41:57,24.66,3.000,7400.000,24.66,24.68,24.7,24.74,24.75,87,4,15,3,18,24.65,24.64,24.63,24.62,24.61,1,22,55,9,13,1
2020-01-02 09:41:58,24.61,120.000,295508.000,24.61,24.66,24.68,24.7,24.74,6,87,4,15,3,24.6,24.59,24.57,24.56,24.55,112,3,12,15,8,0
2020-01-02 09:41:59,24.6,1.000,2460.000,24.61,24.66,24.68,24.7,24.74,6,87,4,15,3,24.6,24.59,24.57,24.56,24.55,111,3,12,15,8,0
2020-01-02 09:42:01,24.61,6.000,14766.000,24.66,24.68,24.7,24.74,24.75,107,4,15,3,18,24.65,24.6,24.59,24.57,24.56,10,111,3,12,15,1
2020-01-02 09:42:03,24.65,9.000,22186.000,24.66,24.68,24.7,24.74,24.75,107,4,15,3,18,24.65,24.6,24.59,24.57,24.56,1,111,3,12,15,1
2020-01-02 09:42:05,24.65,1.000,2464.000,24.65,24.66,24.68,24.7,24.74,19,97,4,15,3,24.6,24.59,24.57,24.56,24.55,111,3,12,15,3,0
2020-01-02 09:42:06,24.6,50.000,123000.000,24.65,24.66,24.68,24.7,24.74,19,97,4,15,3,24.6,24.59,24.57,24.56,24.55,61,3,12,15,3,0
2020-01-02 09:42:07,24.65,7.000,17236.000,24.65,24.66,24.68,24.7,24.74,17,97,4,15,3,24.61,24.6,24.59,24.58,24.57,23,63,3,3,12,1
2020-01-02 09:42:11,24.66,100.000,246556.000,24.66,24.68,24.7,24.74,24.75,41,4,15,3,18,24.61,24.6,24.59,24.58,24.57,31,68,3,3,12,1
2020-01-02 09:42:13,24.66,11.000,27124.000,24.66,24.68,24.7,24.74,24.75,30,2,15,3,18,24.61,24.6,24.59,24.58,24.57,31,173,3,3,12,1
2020-01-02 09:42:16,24.66,1.000,2468.000,24.66,24.68,24.7,24.74,24.75,29,2,15,3,18,24.61,24.6,24.59,24.58,24.57,31,173,3,3,12,1
2020-01-02 09:42:19,24.63,1.000,2462.000,24.65,24.66,24.68,24.7,24.74,100,29,2,15,3,24.63,24.62,24.61,24.6,24.59,4,73,62,173,3,0
2020-01-02 09:42:22,24.63,48.000,118308.000,24.65,24.66,24.68,24.7,24.74,58,29,2,15,3,24.63,24.62,24.61,24.6,24.59,3,73,62,178,3,0
2020-01-02 09:42:24,24.63,37.000,91098.000,24.65,24.66,24.68,24.7,24.74,63,32,2,15,3,24.62,24.61,24.6,24.59,24.58,41,70,179,3,3,0
2020-01-02 09:42:27,24.66,95.000,234208.000,24.68,24.7,24.74,24.75,24.76,2,15,3,18,15,24.66,24.63,24.62,24.61,24.6,55,7,41,70,180,1
2020-01-02 09:42:30,24.66,13.000,32058.000,24.68,24.7,24.74,24.75,24.76,2,15,3,18,15,24.66,24.65,24.64,24.63,24.62,42,50,4,7,41,0
2020-01-02 09:42:33,24.68,2.000,4936.000,24.7,24.74,24.75,24.76,24.78,15,3,18,15,89,24.68,24.66,24.65,24.64,24.63,58,42,50,4,7,1
2020-01-02 09:42:40,24.7,12.000,29632.000,24.7,24.74,24.75,24.76,24.78,66,3,18,15,89,24.68,24.67,24.66,24.65,24.64,59,1,42,50,3,1
2020-01-02 09:42:43,24.7,1.000,2470.000,24.7,24.74,24.75,24.76,24.78,65,3,18,15,89,24.68,24.67,24.66,24.65,24.64,61,1,42,50,3,1
2020-01-02 09:42:47,24.68,18.000,44440.000,24.7,24.74,24.75,24.76,24.78,57,3,18,15,89,24.69,24.68,24.67,24.66,24.65,10,51,1,42,50,0
2020-01-02 09:42:49,24.7,16.000,39506.000,24.7,24.74,24.75,24.76,24.78,53,3,18,15,89,24.68,24.67,24.66,24.65,24.64,49,1,42,50,3,1
2020-01-02 09:42:52,24.7,3.000,7408.000,24.7,24.74,24.75,24.76,24.78,51,3,18,15,89,24.68,24.67,24.66,24.65,24.64,48,1,42,50,3,1
2020-01-02 09:42:55,24.68,48.000,118464.000,24.68,24.7,24.74,24.75,24.76,2,52,3,26,15,24.67,24.66,24.65,24.64,24.63,1,42,50,3,15,0
2020-01-02 09:43:01,24.68,1.000,2468.000,24.68,24.7,24.74,24.75,24.76,11,52,3,32,15,24.67,24.66,24.65,24.64,24.63,6,42,70,3,15,1
2020-01-02 09:43:07,24.68,4.000,9872.000,24.68,24.7,24.74,24.75,24.76,7,52,3,32,15,24.67,24.66,24.65,24.64,24.63,6,42,70,3,15,1
2020-01-02 09:43:07,24.68,5.000,12340.000,24.68,24.69,24.7,24.74,24.75,2,32,52,3,14,24.67,24.66,24.65,24.64,24.63,6,42,70,3,18,1
2020-01-02 09:43:10,24.67,5.000,12334.000,24.68,24.69,24.7,24.74,24.75,2,32,52,3,14,24.67,24.66,24.65,24.64,24.63,1,42,71,3,18,0
2020-01-02 09:43:13,24.67,7.000,17270.000,24.68,24.69,24.7,24.74,24.75,4,32,52,3,14,24.67,24.66,24.65,24.64,24.63,54,42,71,3,18,0
2020-01-02 09:43:20,24.67,16.000,39476.000,24.69,24.7,24.74,24.75,24.76,32,52,3,14,15,24.67,24.66,24.65,24.64,24.63,42,42,76,3,18,0
2020-01-02 09:43:22,24.67,10.000,24670.000,24.69,24.7,24.74,24.75,24.76,32,52,3,6,15,24.68,24.67,24.66,24.65,24.64,6,32,42,76,3,0
2020-01-02 09:43:24,24.68,8.000,19744.000,24.69,24.7,24.74,24.75,24.76,32,52,3,6,15,24.68,24.67,24.66,24.65,24.64,30,32,42,76,3,1
2020-01-02 09:43:27,24.67,55.000,135716.000,24.69,24.7,24.74,24.75,24.76,32,52,3,6,15,24.67,24.66,24.65,24.64,24.63,7,42,76,3,18,0
2020-01-02 09:43:34,24.68,40.000,98656.000,24.68,24.69,24.7,24.74,24.75,9,32,52,3,6,24.66,24.65,24.64,24.63,24.62,18,76,3,18,41,1
2020-01-02 09:43:41,24.68,7.000,17276.000,24.68,24.69,24.7,24.74,24.75,3,32,51,3,6,24.67,24.66,24.65,24.64,24.63,34,18,76,3,18,1
2020-01-02 09:43:46,24.68,7.000,17272.000,24.69,24.7,24.74,24.75,24.76,32,51,3,6,15,24.68,24.67,24.66,24.65,24.64,1,33,38,76,3,1
2020-01-02 09:43:50,24.68,1.000,2468.000,24.69,24.7,24.74,24.75,24.76,32,51,3,6,15,24.68,24.67,24.66,24.65,24.64,24,33,38,76,3,0
2020-01-02 09:43:52,24.68,4.000,9872.000,24.69,24.7,24.74,24.75,24.76,32,51,3,6,15,24.68,24.67,24.66,24.65,24.64,20,33,38,76,3,0
2020-01-02 09:43:55,24.68,2.000,4936.000,24.69,24.7,24.74,24.75,24.76,32,51,3,6,15,24.68,24.67,24.66,24.65,24.64,98,33,38,76,3,0
2020-01-02 09:44:00,24.69,30.000,74072.000,24.69,24.7,24.74,24.75,24.76,2,51,3,6,15,24.68,24.67,24.66,24.65,24.64,99,33,38,79,3,1
2020-01-02 09:44:02,24.69,3.000,7406.000,24.7,24.74,24.75,24.76,24.78,51,3,6,15,89,24.69,24.68,24.67,24.66,24.65,28,147,33,38,79,1
2020-01-02 09:44:04,24.69,1.000,2470.000,24.7,24.74,24.75,24.76,24.78,54,3,6,15,89,24.68,24.67,24.66,24.65,24.64,147,33,38,79,3,0
2020-01-02 09:44:05,24.68,10.000,24680.000,24.7,24.74,24.75,24.76,24.78,54,3,6,15,89,24.68,24.67,24.66,24.65,24.64,137,33,38,79,3,0
2020-01-02 09:44:07,24.68,5.000,12340.000,24.7,24.74,24.75,24.76,24.78,57,3,6,15,89,24.68,24.67,24.66,24.65,24.64,89,33,38,95,3,0
2020-01-02 09:44:13,24.68,16.000,39496.000,24.69,24.7,24.74,24.75,24.76,2,57,3,6,15,24.68,24.67,24.66,24.65,24.64,83,33,38,95,3,0
2020-01-02 09:44:13,24.68,44.000,108652.000,24.7,24.74,24.75,24.76,24.82,29,3,6,15,200,24.68,24.67,24.66,24.65,24.64,73,33,38,95,3,0
2020-01-02 09:44:16,24.68,16.000,39488.000,24.7,24.74,24.75,24.76,24.82,29,3,6,15,200,24.68,24.67,24.66,24.65,24.64,57,33,38,95,3,0
2020-01-02 09:44:19,24.68,10.000,24680.000,24.69,24.7,24.74,24.75,24.76,14,29,3,6,18,24.68,24.67,24.66,24.65,24.63,108,33,38,95,18,0
2020-01-02 09:44:22,24.68,1.000,2468.000,24.69,24.7,24.74,24.75,24.76,14,29,3,6,18,24.68,24.67,24.66,24.65,24.63,107,33,38,95,18,0
2020-01-02 09:44:22,24.7,39.000,96314.000,24.7,24.74,24.75,24.76,24.82,4,3,6,18,200,24.68,24.67,24.66,24.65,24.63,108,33,38,95,18,1
2020-01-02 09:44:24,24.68,1.000,2470.000,24.7,24.74,24.75,24.76,24.82,4,3,6,18,200,24.68,24.67,24.66,24.65,24.63,107,33,38,95,18,0
2020-01-02 09:44:25,24.7,5.000,12348.000,24.74,24.75,24.76,24.82,24.83,3,6,18,200,63,24.7,24.68,24.67,24.66,24.65,15,107,33,38,95,1
2020-01-02 09:44:27,24.7,3.000,7412.000,24.74,24.75,24.76,24.82,24.83,3,6,18,200,63,24.7,24.68,24.67,24.66,24.65,17,107,33,38,95,0
2020-01-02 09:44:33,24.7,12.000,29640.000,24.71,24.74,24.75,24.76,24.82,8,4,6,18,200,24.7,24.68,24.67,24.66,24.65,9,107,33,38,95,0
2020-01-02 09:44:36,24.7,1.000,2468.000,24.71,24.74,24.75,24.76,24.82,8,4,6,18,200,24.7,24.68,24.67,24.66,24.65,29,107,33,38,95,0
2020-01-02 09:44:40,24.71,8.000,19768.000,24.74,24.75,24.76,24.81,24.82,4,6,36,5,200,24.71,24.7,24.68,24.67,24.66,42,54,117,33,38,1
2020-01-02 09:44:53,24.71,27.000,66728.000,24.74,24.75,24.76,24.81,24.82,7,6,36,5,200,24.71,24.7,24.68,24.67,24.66,37,61,127,33,46,0
2020-01-02 09:44:56,24.71,7.000,17296.000,24.74,24.75,24.76,24.81,24.82,7,6,36,5,200,24.72,24.71,24.7,24.68,24.67,25,30,61,127,33,0
2020-01-02 09:45:01,24.74,7.000,17318.000,24.73,24.75,24.76,24.81,24.82,1,16,36,5,200,24.72,24.71,24.7,24.68,24.67,30,30,69,84,33,1
2020-01-02 09:45:05,24.73,13.000,32136.000,24.75,24.76,24.81,24.82,24.83,16,36,5,200,63,24.74,24.72,24.71,24.7,24.68,39,18,30,69,84,0
2020-01-02 09:45:06,24.74,3.000,7422.000,24.75,24.76,24.81,24.82,24.83,16,36,5,200,63,24.74,24.72,24.71,24.7,24.68,36,69,30,69,84,1
2020-01-02 09:45:07,24.74,2.000,4946.000,24.75,24.76,24.81,24.82,24.83,16,36,5,200,63,24.74,24.72,24.71,24.7,24.68,35,71,30,89,84,0
2020-01-02 09:45:10,24.75,16.000,39602.000,24.76,24.81,24.82,24.83,24.85,36,5,200,63,10,24.75,24.74,24.72,24.71,24.7,27,43,71,30,89,1
2020-01-02 09:45:21,24.76,11.000,27234.000,24.76,24.81,24.82,24.83,24.85,7,27,200,63,10,24.75,24.74,24.72,24.71,24.7,1,44,20,30,89,1
2020-01-02 09:45:22,24.76,7.000,17332.000,24.81,24.82,24.83,24.85,24.87,27,200,63,10,25,24.76,24.75,24.74,24.72,24.71,56,1,44,20,30,1
2020-01-02 09:45:25,24.76,7.000,17334.000,24.81,24.82,24.83,24.85,24.87,27,200,63,10,25,24.76,24.75,24.74,24.72,24.71,62,1,44,20,30,0
2020-01-02 09:45:28,24.74,100.000,247534.000,24.81,24.82,24.83,24.85,24.87,27,200,63,10,25,24.77,24.74,24.72,24.71,24.7,27,14,20,30,93,0
2020-01-02 09:45:34,24.81,6.000,14886.000,24.81,24.82,24.83,24.85,24.87,25,200,63,10,25,24.77,24.75,24.74,24.72,24.71,37,1,14,20,30,1
2020-01-02 09:45:41,24.8,4.000,9920.000,24.8,24.81,24.82,24.83,24.85,3,25,200,63,10,24.77,24.75,24.74,24.72,24.71,37,1,14,20,30,0
2020-01-02 09:45:42,24.77,35.000,86696.000,24.8,24.81,24.82,24.83,24.85,3,25,200,63,10,24.77,24.75,24.74,24.72,24.71,2,1,14,20,30,0
2020-01-02 09:46:03,24.77,1.000,2476.000,24.8,24.81,24.82,24.83,24.85,22,25,200,63,10,24.78,24.77,24.76,24.75,24.74,1,1,1,13,24,0
2020-01-02 09:46:08,24.77,12.000,29724.000,24.77,24.8,24.81,24.82,24.83,8,21,25,200,63,24.76,24.75,24.74,24.72,24.71,1,13,24,20,30,0
2020-01-02 09:46:15,24.76,5.000,12384.000,24.77,24.8,24.81,24.82,24.83,8,18,21,200,63,24.75,24.74,24.72,24.71,24.7,13,24,20,21,661,0
2020-01-02 09:46:17,24.75,16.000,39600.000,24.75,24.77,24.8,24.81,24.82,134,8,18,21,200,24.74,24.72,24.71,24.7,24.68,24,20,21,661,74,0
2020-01-02 09:46:26,24.75,18.000,44540.000,24.75,24.77,24.8,24.81,24.82,134,4,18,22,200,24.74,24.72,24.71,24.7,24.68,13,20,21,661,74,1
2020-01-02 09:46:28,24.75,130.000,321748.000,24.75,24.77,24.8,24.81,24.82,4,4,18,22,200,24.74,24.72,24.71,24.7,24.68,15,20,21,661,74,1
2020-01-02 09:46:30,24.74,39.000,96486.000,24.74,24.75,24.77,24.8,24.81,28,4,4,18,22,24.72,24.71,24.7,24.68,24.67,20,21,661,74,33,0
2020-01-02 09:46:31,24.74,10.000,24738.000,24.74,24.75,24.77,24.8,24.81,23,4,7,18,22,24.72,24.71,24.7,24.68,24.67,20,21,661,74,33,1
2020-01-02 09:46:35,24.74,25.000,61850.000,24.74,24.75,24.77,24.8,24.81,2,4,7,18,22,24.72,24.71,24.7,24.68,24.67,20,22,661,74,33,1
2020-01-02 09:46:37,24.77,8.000,19802.000,24.77,24.8,24.81,24.82,24.83,5,18,22,200,63,24.72,24.71,24.7,24.68,24.67,43,22,661,74,33,1
2020-01-02 09:46:40,24.8,23.000,57024.000,24.81,24.82,24.83,24.85,24.87,22,200,63,10,25,24.8,24.74,24.72,24.71,24.7,377,5,43,22,661,1
2020-01-02 09:46:43,24.8,4.000,9920.000,24.81,24.82,24.83,24.87,24.88,22,200,63,25,50,24.8,24.74,24.72,24.71,24.7,373,5,43,22,661,0
2020-01-02 09:46:49,24.81,8.000,19850.000,24.81,24.82,24.83,24.87,24.88,14,200,63,25,50,24.8,24.77,24.74,24.72,24.71,373,4,5,43,22,1
2020-01-02 09:46:51,24.81,15.000,37214.000,24.82,24.83,24.87,24.88,24.91,200,63,25,50,1,24.8,24.77,24.74,24.72,24.71,372,4,5,43,22,1
2020-01-02 09:46:52,24.8,10.000,24800.000,24.82,24.83,24.87,24.88,24.91,200,63,25,50,1,24.8,24.77,24.74,24.72,24.71,362,4,5,43,22,0
2020-01-02 09:46:55,24.82,21.000,52120.000,24.82,24.83,24.87,24.88,24.91,179,63,25,50,1,24.8,24.77,24.74,24.73,24.72,367,4,5,10,22,1
2020-01-02 09:47:04,24.82,53.000,131542.000,24.82,24.83,24.87,24.88,24.91,131,63,25,50,1,24.8,24.77,24.76,24.73,24.72,368,4,3,10,22,1
2020-01-02 09:47:07,24.82,131.000,325142.000,24.83,24.87,24.88,24.91,24.95,63,25,50,1,12,24.82,24.8,24.77,24.76,24.73,12,368,4,3,10,1
2020-01-02 09:47:09,24.83,63.000,156428.000,24.87,24.88,24.91,24.95,24.96,25,50,1,12,4,24.82,24.8,24.77,24.76,24.73,18,368,4,3,10,1
2020-01-02 09:47:10,24.82,2.000,4964.000,24.87,24.88,24.91,24.95,24.96,25,50,1,12,4,24.83,24.82,24.8,24.77,24.76,1,16,368,4,3,0
2020-01-02 09:47:19,24.87,2.000,4976.000,24.87,24.88,24.91,24.95,24.96,23,50,1,12,4,24.83,24.82,24.8,24.77,24.76,26,46,368,3,3,1
2020-01-02 09:47:28,24.87,20.000,49740.000,24.87,24.88,24.91,24.95,24.96,3,50,1,12,4,24.83,24.82,24.8,24.76,24.75,52,46,374,3,60,1
2020-01-02 09:47:31,24.87,3.000,7460.000,24.88,24.91,24.95,24.96,24.97,50,1,12,4,15,24.87,24.83,24.82,24.8,24.76,14,52,46,374,3,1
2020-01-02 09:47:37,24.87,4.000,9948.000,24.88,24.91,24.95,24.96,24.97,50,1,12,4,15,24.87,24.83,24.82,24.8,24.76,10,52,36,374,3,0
2020-01-02 09:47:43,24.88,40.000,99520.000,24.88,24.91,24.95,24.96,24.97,10,1,12,4,15,24.87,24.83,24.82,24.8,24.76,10,52,36,374,3,1
2020-01-02 09:47:45,24.88,10.000,24880.000,24.91,24.95,24.96,24.97,25,1,12,4,15,111,24.88,24.87,24.83,24.82,24.8,6,10,52,36,374,1
2020-01-02 09:47:49,24.91,1.000,2492.000,24.95,24.96,24.97,25,25.05,12,4,15,111,3,24.88,24.87,24.84,24.83,24.82,76,10,6,52,38,1
2020-01-02 09:47:55,24.95,9.000,22454.000,24.95,24.96,24.97,24.98,25,3,1,15,1,111,24.88,24.87,24.84,24.83,24.82,76,10,6,52,38,1
2020-01-02 09:48:03,24.91,2.000,4982.000,24.95,24.96,24.97,24.98,25,3,1,15,1,111,24.91,24.88,24.87,24.84,24.83,20,76,10,6,52,0
2020-01-02 09:48:04,24.99,22.000,54932.000,25,25.05,25.06,25.08,25.1,111,3,54,6,53,24.95,24.91,24.88,24.87,24.84,1,20,76,10,6,1
2020-01-02 09:48:09,24.91,4.000,9968.000,25,25.05,25.06,25.08,25.1,111,3,54,6,53,24.91,24.88,24.87,24.84,24.83,17,76,10,6,52,0
2020-01-02 09:48:16,24.91,5.000,12456.000,24.98,24.99,25,25.05,25.06,3,6,108,3,54,24.91,24.88,24.87,24.84,24.83,13,76,10,6,27,0
2020-01-02 09:48:19,24.95,9.000,22454.000,24.95,24.98,24.99,25,25.05,8,3,6,108,3,24.91,24.88,24.87,24.84,24.83,13,76,10,6,1,1
2020-01-02 09:48:22,24.95,1.000,2496.000,24.95,24.98,24.99,25,25.05,8,7,7,102,3,24.91,24.88,24.87,24.84,24.83,14,76,10,6,1,1
2020-01-02 09:48:28,24.95,2.000,4990.000,24.95,24.98,24.99,25,25.05,8,12,7,100,3,24.93,24.91,24.88,24.87,24.84,11,20,78,10,6,1
2020-01-02 09:48:31,24.93,4.000,9970.000,24.95,24.98,24.99,25,25.05,8,12,7,100,3,24.93,24.91,24.88,24.87,24.82,7,22,78,10,78,0
2020-01-02 09:48:34,24.93,2.000,4988.000,24.95,24.98,24.99,25,25.05,7,12,7,100,3,24.93,24.91,24.9,24.88,24.87,6,22,5,78,10,0
2020-01-02 09:48:37,24.95,5.000,12474.000,24.95,24.98,24.99,25,25.05,2,12,7,102,6,24.93,24.91,24.9,24.88,24.87,6,22,5,78,10,1
2020-01-02 09:48:43,24.93,11.000,27426.000,24.95,24.98,24.99,25,25.05,1,12,7,102,6,24.93,24.91,24.9,24.88,24.87,2,22,5,78,10,0
2020-01-02 09:48:49,24.93,13.000,32408.000,24.93,24.95,24.98,24.99,25,21,18,12,7,102,24.91,24.9,24.88,24.87,24.82,22,5,78,10,76,0
2020-01-02 09:48:52,24.93,24.000,59836.000,24.95,24.98,24.99,25,25.05,16,12,7,102,6,24.93,24.91,24.9,24.88,24.87,8,22,1,78,10,1
2020-01-02 09:48:55,24.95,1.000,2496.000,24.95,24.98,24.99,25,25.05,19,12,7,102,6,24.93,24.91,24.9,24.88,24.87,21,29,1,78,10,1
2020-01-02 09:48:59,24.93,1.000,2492.000,24.95,24.98,24.99,25,25.05,19,12,7,102,6,24.93,24.91,24.9,24.88,24.87,34,22,2,78,10,0
2020-01-02 09:49:05,24.95,13.000,32436.000,24.95,24.98,24.99,25,25.05,6,12,7,102,6,24.93,24.91,24.9,24.88,24.87,34,22,26,78,10,1
2020-01-02 09:49:10,24.95,7.000,17464.000,24.94,24.95,24.98,24.99,25,3,5,12,7,102,24.93,24.91,24.9,24.88,24.87,34,22,26,78,10,1
2020-01-02 09:49:13,24.93,19.000,47368.000,24.94,24.95,24.98,24.99,25,3,5,12,7,102,24.93,24.91,24.9,24.88,24.87,15,22,26,78,10,0
2020-01-02 09:49:18,24.94,1.000,2492.000,24.94,24.95,24.98,24.99,25,2,5,12,7,102,24.93,24.91,24.9,24.88,24.87,15,22,26,78,10,1
2020-01-02 09:49:21,24.93,2.000,4988.000,24.94,24.95,24.98,24.99,25,1,5,12,7,102,24.93,24.91,24.9,24.88,24.87,14,22,26,78,10,0
2020-01-02 09:49:24,24.95,2.000,4990.000,24.95,24.98,24.99,25,25.05,4,12,7,102,6,24.93,24.91,24.9,24.88,24.87,14,22,26,78,10,1
2020-01-02 09:49:27,24.93,7.000,17450.000,24.95,24.98,24.99,25,25.05,4,12,7,102,6,24.94,24.93,24.91,24.9,24.88,100,7,22,26,78,0
2020-01-02 09:49:29,24.94,100.000,249400.000,24.95,24.98,24.99,25,25.05,4,12,7,102,6,24.93,24.91,24.9,24.88,24.87,7,22,26,78,10,1
2020-01-02 09:49:37,24.93,10.000,24932.000,24.94,24.95,24.98,24.99,25,97,104,12,7,102,24.91,24.9,24.88,24.87,24.82,22,28,78,10,70,0
2020-01-02 09:49:49,24.94,102.000,254288.000,24.94,24.95,24.98,24.99,25,95,104,112,7,102,24.92,24.91,24.9,24.88,24.87,2,22,28,78,10,1
2020-01-02 09:49:51,24.94,2.000,4988.000,24.94,24.95,24.98,24.99,25,123,104,112,7,102,24.92,24.91,24.9,24.88,24.87,2,22,28,78,10,1
2020-01-02 09:49:54,24.98,300.000,748596.000,24.98,24.99,25,25.05,25.06,39,7,102,6,54,24.92,24.91,24.9,24.88,24.87,2,22,28,78,10,1
2020-01-02 09:49:54,24.91,3.000,7476.000,24.98,24.99,25,25.05,25.06,39,2,102,6,54,24.91,24.9,24.88,24.87,24.82,21,28,78,10,70,0
2020-01-02 09:50:04,24.91,2.000,4984.000,24.98,24.99,25,25.05,25.06,40,2,102,6,54,24.91,24.9,24.88,24.87,24.82,33,28,78,10,70,0
2020-01-02 09:50:10,24.92,4.000,9970.000,24.98,24.99,25,25.05,25.06,40,3,101,6,54,24.92,24.91,24.9,24.88,24.87,9,33,28,78,10,1
2020-01-02 09:50:14,24.98,4.000,9990.000,24.98,24.99,25,25.05,25.06,36,3,101,6,54,24.92,24.91,24.9,24.88,24.87,9,33,28,78,10,1
2020-01-02 09:50:17,24.98,1.000,2498.000,24.98,24.99,25,25.05,25.06,35,3,101,6,54,24.94,24.92,24.91,24.9,24.88,3,9,33,28,78,1
2020-01-02 09:50:21,24.98,1.000,2498.000,24.98,24.99,25,25.05,25.06,34,3,111,6,54,24.94,24.92,24.91,24.9,24.88,3,9,33,28,78,1
2020-01-02 09:50:26,24.98,2.000,4998.000,24.98,24.99,25,25.05,25.06,32,3,111,6,54,24.94,24.92,24.91,24.9,24.88,15,9,34,28,78,1
2020-01-02 09:50:39,24.98,1.000,2496.000,24.98,24.99,25,25.05,25.06,40,2,111,6,54,24.94,24.92,24.91,24.9,24.88,16,12,22,28,78,1
2020-01-02 09:50:42,24.96,8.000,19984.000,24.98,24.99,25,25.05,25.06,33,2,111,6,54,24.96,24.94,24.92,24.91,24.9,5,16,12,22,28,0
2020-01-02 09:50:45,24.96,6.000,14984.000,24.98,24.99,25,25.05,25.06,28,2,112,6,54,24.96,24.94,24.92,24.91,24.9,5,16,12,22,28,0
2020-01-02 09:50:48,24.94,95.000,237388.000,25,25.05,25.06,25.08,25.1,67,6,54,6,67,24.94,24.92,24.91,24.9,24.88,14,12,22,28,78,0
2020-01-02 09:50:51,25,1.000,2500.000,25,25.05,25.06,25.08,25.1,66,6,54,6,67,24.94,24.92,24.91,24.9,24.88,14,12,22,28,78,1
2020-01-02 09:50:54,25,4.000,10000.000,25,25.05,25.06,25.08,25.1,62,6,54,6,67,24.94,24.92,24.91,24.9,24.88,17,12,22,28,78,1
2020-01-02 09:50:57,25,3.000,7500.000,25,25.05,25.06,25.08,25.1,59,6,54,6,67,24.94,24.92,24.91,24.9,24.88,17,12,22,28,78,1
2020-01-02 09:51:03,24.99,4.000,9994.000,25,25.05,25.06,25.08,25.1,59,6,54,6,67,24.94,24.92,24.91,24.9,24.88,17,12,22,28,78,0
2020-01-02 09:51:10,24.94,17.000,42396.000,24.94,24.99,25,25.05,25.06,3,5,59,6,54,24.92,24.91,24.9,24.88,24.87,12,22,28,78,10,0
2020-01-02 09:51:12,24.94,3.000,7484.000,24.99,25,25.05,25.06,25.08,5,59,6,54,6,24.94,24.92,24.91,24.9,24.88,19,12,22,28,78,1
2020-01-02 09:51:13,25,64.000,159992.000,25.05,25.06,25.08,25.1,25.11,6,54,6,86,2,25,24.94,24.92,24.91,24.9,66,19,114,22,28,1
2020-01-02 09:51:19,25.05,5.000,12512.000,25.05,25.06,25.08,25.1,25.11,4,54,6,86,2,25,24.99,24.93,24.92,24.91,63,18,1,114,22,1
2020-01-02 09:51:24,25.01,4.000,10004.000,25.01,25.05,25.06,25.08,25.1,17,6,54,6,86,25,24.99,24.93,24.92,24.91,63,18,1,114,22,0
2020-01-02 09:51:25,25,6.000,15004.000,25.01,25.05,25.06,25.08,25.1,15,6,54,6,86,25,24.99,24.93,24.92,24.91,60,18,1,114,22,0
2020-01-02 09:51:29,25.01,6.000,15004.000,25.01,25.05,25.06,25.08,25.1,9,6,54,6,86,25,24.99,24.93,24.92,24.91,60,18,1,114,22,1
2020-01-02 09:51:32,25,62.000,155004.000,25,25.01,25.05,25.06,25.08,1,1,6,54,6,24.99,24.93,24.92,24.91,24.9,18,1,113,22,28,0
2020-01-02 09:51:34,24.99,18.000,44980.000,24.99,25,25.01,25.05,25.06,35,1,1,9,54,24.93,24.92,24.91,24.9,24.88,1,113,22,28,78,0
2020-01-02 09:51:38,24.99,13.000,32488.000,24.99,25,25.01,25.05,25.06,22,1,1,10,54,24.94,24.93,24.92,24.91,24.9,2,1,113,22,28,1
2020-01-02 09:51:40,24.99,19.000,47480.000,24.99,25,25.01,25.05,25.06,3,1,1,10,54,24.94,24.93,24.92,24.91,24.9,2,1,113,22,28,1
2020-01-02 09:51:42,24.94,2.000,4988.000,24.94,24.99,25,25.01,25.05,9,2,1,1,10,24.93,24.92,24.91,24.9,24.88,1,113,22,28,78,0
2020-01-02 09:51:45,24.94,11.000,27436.000,24.99,25,25.01,25.05,25.06,2,11,1,10,54,24.94,24.93,24.92,24.91,24.9,3,23,113,22,28,1
2020-01-02 09:51:50,24.99,2.000,4998.000,24.99,25,25.01,25.05,25.06,4,12,1,10,54,24.94,24.93,24.92,24.91,24.9,19,23,113,22,28,1
2020-01-02 09:52:07,24.94,5.000,12472.000,24.99,25,25.01,25.05,25.06,14,15,7,11,54,24.93,24.92,24.91,24.9,24.88,39,113,16,28,78,0
2020-01-02 09:52:16,24.93,20.000,49868.000,24.99,25,25.01,25.05,25.06,14,14,7,11,54,24.93,24.92,24.91,24.9,24.88,28,107,16,28,78,0
2020-01-02 09:52:19,24.99,1.000,2500.000,24.99,25,25.01,25.05,25.06,13,14,7,11,54,24.93,24.92,24.91,24.9,24.88,28,107,16,28,78,1
2020-01-02 09:52:33,24.99,5.000,12492.000,24.99,25,25.01,25.05,25.06,8,14,7,11,54,24.95,24.93,24.92,24.91,24.9,20,29,107,16,28,1
2020-01-02 09:52:37,24.99,2.000,4998.000,24.99,25,25.01,25.05,25.06,6,22,7,11,54,24.95,24.93,24.92,24.91,24.9,20,29,107,16,28,1
2020-01-02 09:52:40,24.99,6.000,14996.000,25,25.01,25.05,25.06,25.08,22,7,11,54,6,24.99,24.95,24.93,24.92,24.91,5,20,31,107,16,1
2020-01-02 09:52:45,24.99,7.000,17494.000,24.99,25,25.01,25.05,25.06,10,22,7,11,54,24.95,24.93,24.92,24.91,24.9,20,35,107,16,28,0
2020-01-02 09:52:46,24.99,19.000,47480.000,24.99,25,25.01,25.05,25.06,3,17,1,11,54,24.95,24.93,24.92,24.91,24.9,20,35,107,16,28,1
2020-01-02 09:52:49,24.99,3.000,7496.000,25,25.01,25.05,25.06,25.08,17,1,11,54,6,24.99,24.95,24.93,24.92,24.91,1,20,35,107,16,1
2020-01-02 09:52:51,24.99,1.000,2500.000,24.99,25,25.01,25.05,25.06,8,17,1,11,54,24.95,24.93,24.92,24.91,24.9,20,35,107,16,28,0
2020-01-02 09:52:54,24.95,10.000,24950.000,24.99,25,25.01,25.05,25.06,14,18,1,11,54,24.95,24.93,24.92,24.91,24.9,10,35,107,16,28,0
2020-01-02 09:52:55,25,21.000,52486.000,25,25.01,25.05,25.06,25.08,10,1,13,54,6,24.99,24.95,24.93,24.92,24.91,6,13,35,107,16,1
2020-01-02 09:52:57,24.99,6.000,14996.000,24.99,25,25.05,25.06,25.08,14,10,13,54,6,24.95,24.93,24.92,24.91,24.9,13,35,107,16,28,0
2020-01-02 09:53:00,24.95,13.000,32434.000,24.99,25,25.05,25.06,25.08,1,10,13,54,6,24.95,24.93,24.92,24.91,24.9,1,35,107,16,28,0
2020-01-02 09:53:03,24.95,1.000,2494.000,24.95,25,25.05,25.06,25.08,15,20,13,54,6,24.93,24.92,24.91,24.9,24.88,35,107,16,28,78,0
2020-01-02 09:53:07,24.93,16.000,39888.000,24.95,24.99,25,25.05,25.06,3,2,20,13,54,24.93,24.92,24.91,24.9,24.88,29,107,16,28,78,0
2020-01-02 09:53:09,24.93,40.000,99720.000,24.93,24.95,24.99,25,25.05,41,1,2,20,13,24.92,24.91,24.9,24.88,24.87,107,16,29,78,10,0
2020-01-02 09:53:12,24.92,58.000,144536.000,24.93,24.95,24.99,25,25.05,16,7,2,20,13,24.92,24.91,24.9,24.88,24.87,49,15,29,78,10,0
2020-01-02 09:53:13,24.93,5.000,12466.000,24.93,24.95,24.99,25,25.05,11,7,2,20,13,24.92,24.91,24.9,24.88,24.87,49,15,29,78,10,1
2020-01-02 09:53:15,24.92,3.000,7476.000,24.93,24.95,24.99,25,25.05,11,7,2,20,13,24.92,24.91,24.9,24.88,24.87,46,15,28,78,10,0
2020-01-02 09:53:19,24.92,48.000,119616.000,24.92,24.93,24.95,24.98,24.99,22,11,7,4,2,24.91,24.9,24.88,24.87,24.85,15,28,78,10,2,0
2020-01-02 09:53:22,24.91,12.000,29892.000,24.92,24.93,24.95,24.98,24.99,17,11,7,4,2,24.91,24.9,24.88,24.87,24.85,3,28,78,10,2,0
2020-01-02 09:53:22,24.91,3.000,7472.000,24.91,24.92,24.93,24.95,24.98,6,29,11,7,4,24.9,24.88,24.87,24.85,24.82,28,78,10,2,70,0
2020-01-02 09:53:24,24.9,19.000,47310.000,24.91,24.92,24.93,24.95,24.98,2,27,11,7,4,24.9,24.88,24.87,24.85,24.82,9,78,10,2,70,0
2020-01-02 09:53:25,24.92,9.000,22416.000,24.92,24.93,24.95,24.98,24.99,26,11,7,4,2,24.9,24.88,24.87,24.85,24.82,3,78,10,2,70,1
2020-01-02 09:53:27,24.9,3.000,7468.000,24.9,24.92,24.93,24.95,24.98,2,26,10,7,4,24.88,24.87,24.85,24.82,24.8,78,10,2,70,10,0
2020-01-02 09:53:28,24.9,1.000,2492.000,24.9,24.92,24.93,24.95,24.98,2,26,10,7,4,24.88,24.87,24.85,24.82,24.8,78,10,2,70,10,1
2020-01-02 09:53:31,24.88,23.000,57224.000,24.9,24.92,24.93,24.95,24.98,3,26,10,7,4,24.88,24.87,24.85,24.82,24.8,55,10,2,70,10,0
2020-01-02 09:53:34,24.9,18.000,44784.000,24.9,24.92,24.93,24.95,24.98,2,26,10,7,4,24.88,24.87,24.85,24.82,24.8,38,10,2,70,10,1
2020-01-02 09:53:37,24.88,7.000,17416.000,24.9,24.92,24.93,24.95,24.98,2,26,10,7,4,24.88,24.87,24.85,24.82,24.8,31,10,2,70,10,0
2020-01-02 09:53:37,24.87,37.000,92064.000,24.92,24.93,24.95,24.98,24.99,26,10,7,4,2,24.87,24.85,24.82,24.8,24.76,8,2,70,10,3,0
2020-01-02 09:53:44,24.8,11.000,27344.000,24.87,24.88,24.91,24.92,24.93,2,3,4,22,10,24.8,24.76,24.75,24.72,24.71,9,3,60,15,22,0
2020-01-02 09:53:46,24.88,10.000,24880.000,24.87,24.92,24.93,24.95,24.98,95,22,10,7,4,24.8,24.76,24.75,24.72,24.71,9,3,60,15,22,1
2020-01-02 09:53:50,24.87,102.000,253674.000,24.87,24.92,24.93,24.95,24.98,2,22,10,7,4,24.8,24.76,24.75,24.72,24.71,18,3,60,15,22,0
2020-01-02 09:53:52,24.81,18.000,44656.000,24.87,24.92,24.93,24.95,24.98,22,22,10,7,4,24.81,24.8,24.76,24.75,24.72,4,18,3,60,15,0
2020-01-02 09:53:56,24.87,6.000,14922.000,24.87,24.88,24.92,24.93,24.95,16,51,22,10,7,24.81,24.8,24.76,24.75,24.72,7,9,3,60,15,1
2020-01-02 09:53:58,24.81,1.000,2482.000,24.87,24.88,24.92,24.93,24.95,16,51,22,10,7,24.81,24.8,24.76,24.75,24.72,6,9,3,60,15,0
2020-01-02 09:54:01,24.88,67.000,166680.000,24.92,24.93,24.95,24.98,24.99,22,10,7,4,2,24.9,24.87,24.81,24.8,24.76,133,6,6,9,3,1
2020-01-02 09:54:06,24.9,25.000,62294.000,24.92,24.93,24.95,24.98,24.99,1,10,7,4,2,24.9,24.89,24.87,24.83,24.82,129,6,9,5,30,1
2020-01-02 09:54:07,24.95,18.000,44886.000,24.98,24.99,25,25.02,25.05,4,2,28,6,11,24.95,24.9,24.89,24.87,24.83,82,129,6,6,5,1
2020-01-02 09:54:14,24.99,2.000,5000.000,25,25.02,25.05,25.06,25.1,28,6,11,54,80,24.99,24.95,24.9,24.89,24.87,6,82,129,6,6,1
2020-01-02 09:54:16,24.99,4.000,9996.000,25,25.02,25.05,25.06,25.1,28,6,11,54,80,24.99,24.95,24.9,24.89,24.87,10,82,129,6,6,0
2020-01-02 09:54:19,24.99,8.000,19992.000,25,25.02,25.05,25.06,25.1,27,6,11,54,255,24.99,24.95,24.9,24.89,24.87,3,82,129,6,6,0
2020-01-02 09:54:22,25,16.000,40000.000,25,25.02,25.05,25.06,25.1,11,6,11,54,255,24.99,24.95,24.9,24.89,24.87,3,82,129,6,6,1
2020-01-02 09:54:27,24.99,4.000,9996.000,25,25.02,25.05,25.06,25.1,11,6,11,54,255,24.99,24.95,24.9,24.89,24.87,11,82,129,6,6,0
2020-01-02 09:54:31,25,11.000,27500.000,25.02,25.05,25.06,25.1,25.11,6,11,54,255,2,24.99,24.95,24.9,24.89,24.88,12,82,129,6,9,1
2020-01-02 09:54:34,24.99,5.000,12494.000,25.02,25.05,25.06,25.1,25.11,6,11,54,255,2,24.99,24.95,24.9,24.89,24.88,7,82,129,6,9,0
2020-01-02 09:54:42,24.99,7.000,17492.000,24.99,25,25.02,25.05,25.06,16,50,6,11,54,24.95,24.9,24.88,24.87,24.83,82,129,9,6,5,0
2020-01-02 09:54:47,25,79.000,197470.000,25.02,25.05,25.06,25.1,25.11,6,11,54,255,2,25,24.96,24.95,24.9,24.88,71,4,82,129,9,1
2020-01-02 09:54:49,25,50.000,125002.000,25.02,25.05,25.06,25.1,25.11,6,11,54,255,2,25,24.96,24.95,24.9,24.88,21,4,82,129,9,0
2020-01-02 09:54:49,25.02,1.000,2502.000,25.02,25.05,25.06,25.1,25.11,5,11,54,255,2,25,24.96,24.95,24.9,24.88,21,4,82,129,9,1
2020-01-02 09:54:56,25.02,10.000,25018.000,25.05,25.06,25.09,25.1,25.11,11,54,5,255,2,25,24.96,24.95,24.9,24.88,25,4,82,129,9,1
2020-01-02 09:55:04,25.02,11.000,27524.000,25.02,25.05,25.06,25.09,25.1,1,36,54,5,255,25,24.96,24.95,24.9,24.88,25,4,82,129,9,0
2020-01-02 09:55:04,25.05,36.000,90176.000,25.05,25.06,25.09,25.1,25.11,1,54,5,255,2,25,24.96,24.95,24.9,24.88,25,4,82,129,9,1
2020-01-02 09:55:07,25.06,55.000,137828.000,25.09,25.1,25.11,25.12,25.13,5,255,2,13,5,25.06,25,24.96,24.95,24.9,45,25,4,82,129,1
2020-01-02 09:55:08,25.04,49.000,122786.000,25.09,25.1,25.11,25.12,25.13,5,255,2,13,5,25.06,25.02,25,24.96,24.95,5,9,25,4,82,0
2020-01-02 09:55:10,25.06,5.000,12530.000,25.06,25.09,25.1,25.11,25.12,12,31,255,2,13,25.02,25,24.96,24.95,24.9,9,25,4,82,129,1
2020-01-02 09:55:12,25.02,9.000,22520.000,25.02,25.06,25.09,25.1,25.11,6,4,31,255,2,25,24.96,24.95,24.9,24.88,25,4,82,129,9,0
2020-01-02 09:55:13,25.02,2.000,5004.000,25.06,25.09,25.1,25.11,25.12,1,31,255,2,13,25,24.96,24.95,24.9,24.88,25,4,82,129,9,1
2020-01-02 09:55:19,25.02,7.000,17532.000,25.06,25.09,25.1,25.11,25.12,22,31,255,2,13,25.02,25,24.96,24.95,24.9,1,25,4,82,129,0
2020-01-02 09:55:19,25.02,2.000,5006.000,25.02,25.06,25.09,25.1,25.11,1,22,32,255,2,25,24.96,24.95,24.9,24.88,25,4,82,129,9,0
2020-01-02 09:55:21,25,9.000,22498.000,25.02,25.06,25.09,25.1,25.11,16,22,32,255,2,25,24.96,24.95,24.9,24.88,16,4,82,129,9,0
2020-01-02 09:55:22,25,10.000,25000.000,25.02,25.06,25.08,25.09,25.1,16,22,8,36,255,25,24.96,24.95,24.9,24.88,6,4,82,129,9,0
2020-01-02 09:55:24,25,6.000,15000.000,25,25.02,25.06,25.08,25.09,5,16,22,8,36,24.96,24.95,24.9,24.88,24.83,4,82,129,9,5,0
2020-01-02 09:55:25,25,13.000,32500.000,25.02,25.06,25.08,25.09,25.1,16,22,8,36,255,25,24.96,24.95,24.9,24.88,37,4,82,129,9,1
2020-01-02 09:55:28,25,18.000,45000.000,25.02,25.06,25.08,25.09,25.1,16,22,8,36,255,25,24.96,24.95,24.9,24.88,19,4,82,129,9,0
2020-01-02 09:55:28,25,19.000,47500.000,25,25.02,25.06,25.08,25.09,3,19,22,8,36,24.96,24.95,24.9,24.88,24.83,4,82,129,9,5,0
2020-01-02 09:55:31,24.96,1.000,2496.000,25,25.02,25.06,25.08,25.09,3,19,22,8,36,24.96,24.95,24.9,24.88,24.83,3,82,129,9,5,0
2020-01-02 09:55:31,25,6.000,15000.000,25,25.02,25.06,25.08,25.09,7,19,22,8,37,24.96,24.95,24.9,24.88,24.83,3,82,129,9,5,1
2020-01-02 09:55:34,24.96,1.000,2496.000,25,25.02,25.06,25.08,25.09,7,19,22,8,37,24.96,24.95,24.9,24.88,24.83,2,82,129,9,5,0
2020-01-02 09:55:34,25,1.000,2500.000,25,25.02,25.06,25.08,25.09,6,19,22,8,37,24.96,24.95,24.9,24.88,24.83,2,82,129,9,5,1
2020-01-02 09:55:36,24.96,1.000,2496.000,24.97,25,25.02,25.08,25.09,16,6,19,8,37,24.96,24.95,24.9,24.88,24.83,1,82,129,9,5,0
2020-01-02 09:55:37,25,22.000,54952.000,25.02,25.08,25.09,25.1,25.11,19,8,37,255,2,25,24.96,24.95,24.9,24.88,78,1,82,129,9,1
2020-01-02 09:55:39,25,17.000,42500.000,25.02,25.08,25.09,25.1,25.11,19,8,37,255,2,25,24.96,24.95,24.9,24.88,61,1,82,129,9,0
2020-01-02 09:55:40,25,61.000,152500.000,25,25.02,25.08,25.09,25.1,25,19,8,37,255,24.96,24.95,24.9,24.88,24.83,1,82,129,9,5,0
2020-01-02 09:55:49,25,13.000,32500.000,25,25.02,25.08,25.09,25.1,24,19,8,37,255,24.96,24.95,24.9,24.88,24.83,3,82,129,9,5,1
2020-01-02 09:55:58,25,39.000,97486.000,25.02,25.08,25.09,25.1,25.11,21,8,37,257,2,25,24.96,24.95,24.9,24.88,61,6,82,129,9,1
2020-01-02 09:55:58,25,13.000,32502.000,25.02,25.08,25.09,25.1,25.11,21,8,37,257,2,25,24.96,24.95,24.9,24.88,77,4,82,129,9,0
2020-01-02 09:56:04,25,28.000,70000.000,25.02,25.08,25.09,25.1,25.11,21,8,37,257,2,25,24.96,24.95,24.9,24.88,49,4,82,129,9,0
2020-01-02 09:56:04,25,49.000,122498.000,25,25.02,25.08,25.09,25.1,48,21,8,37,257,24.96,24.95,24.9,24.88,24.83,4,82,129,9,5,0
2020-01-02 09:56:10,25,23.000,57496.000,25,25.02,25.08,25.09,25.1,7,21,8,37,257,24.96,24.95,24.9,24.88,24.83,4,82,129,9,5,1
2020-01-02 09:56:13,25,19.000,47500.000,25.02,25.08,25.09,25.1,25.11,21,8,37,257,2,25,24.96,24.95,24.9,24.88,81,4,82,129,9,1
2020-01-02 09:56:17,25,2.000,5000.000,25.02,25.08,25.09,25.1,25.11,21,58,37,251,2,25,24.96,24.95,24.9,24.88,81,4,82,129,9,0
2020-01-02 09:56:20,25.02,1.000,2504.000,25.02,25.08,25.09,25.1,25.11,20,58,52,251,2,25,24.96,24.95,24.9,24.88,81,4,82,129,9,1
2020-01-02 09:56:22,25.02,21.000,52540.000,25.07,25.08,25.09,25.1,25.11,6,58,52,251,2,25.02,25,24.96,24.95,24.9,3,80,4,82,129,1
2020-01-02 09:56:24,25,19.000,47504.000,25.07,25.08,25.09,25.1,25.11,6,58,52,251,2,25,24.96,24.95,24.9,24.88,64,4,82,129,9,0
2020-01-02 09:56:27,25.02,1.000,2504.000,25.07,25.08,25.09,25.1,25.11,6,58,52,251,2,25,24.96,24.95,24.9,24.88,64,4,82,129,9,1
2020-01-02 09:56:32,25.07,6.000,15042.000,25.08,25.09,25.1,25.11,25.12,58,52,251,2,56,25.07,25.02,25,24.96,24.95,39,5,64,4,82,1
2020-01-02 09:56:33,25.07,39.000,97772.000,25.07,25.08,25.09,25.1,25.11,7,58,52,251,2,25.02,25,24.96,24.95,24.9,5,64,4,82,129,0
2020-01-02 09:56:34,25.02,2.000,5010.000,25.07,25.08,25.09,25.1,25.11,6,58,52,251,2,25.02,25,24.96,24.95,24.9,4,64,4,82,129,0
2020-01-02 09:56:57,25.07,4.000,10026.000,25.06,25.07,25.08,25.09,25.1,6,12,58,268,251,25.03,25.02,25,24.96,24.95,13,10,74,1,82,1
2020-01-02 09:57:04,25.06,1.000,2506.000,25.06,25.07,25.08,25.09,25.1,5,11,58,268,251,25.05,25.03,25.02,25,24.96,10,23,10,74,1,0
2020-01-02 09:57:12,25.06,1.000,2506.000,25.06,25.07,25.08,25.09,25.1,4,11,58,278,251,25.05,25.03,25.02,25,24.96,10,23,10,74,1,1
2020-01-02 09:57:15,25.05,2.000,5010.000,25.06,25.07,25.08,25.09,25.1,4,11,58,278,251,25.05,25.03,25.02,25,24.96,8,23,10,74,1,0
2020-01-02 09:57:18,25.07,19.000,47628.000,25.07,25.08,25.09,25.1,25.11,17,58,278,251,2,25.06,25.05,25.03,25.02,25,27,8,23,10,74,1
2020-01-02 09:57:21,25.06,20.000,50124.000,25.07,25.08,25.09,25.1,25.11,16,58,278,251,2,25.06,25.05,25.03,25.02,25,8,8,23,10,74,0
2020-01-02 09:57:27,25.05,18.000,45096.000,25.05,25.06,25.07,25.08,25.09,22,1,26,58,252,25.03,25.02,25,24.98,24.96,23,10,74,2,1,0
2020-01-02 09:57:33,25.07,35.000,87700.000,25.05,25.06,25.07,25.08,25.09,50,12,14,62,252,25.03,25.02,25,24.98,24.96,45,10,74,2,1,1
2020-01-02 09:57:35,25.05,23.000,57614.000,25.05,25.06,25.07,25.08,25.09,27,12,14,62,252,25.03,25.02,25,24.98,24.96,45,10,74,2,1,0
2020-01-02 09:57:41,25.05,56.000,140254.000,25.06,25.07,25.08,25.09,25.1,12,15,95,252,240,25.05,25.03,25.02,25,24.98,44,35,8,74,2,1
2020-01-02 09:57:43,25.05,42.000,105212.000,25.06,25.07,25.08,25.09,25.1,12,15,95,252,242,25.05,25.03,25.02,25,24.96,52,35,8,74,1,0
2020-01-02 09:57:49,25.05,12.000,30060.000,25.06,25.07,25.08,25.09,25.1,11,21,95,252,242,25.05,25.03,25.02,25,24.96,43,35,8,74,1,0
2020-01-02 09:57:52,25.06,2.000,5012.000,25.06,25.07,25.08,25.09,25.1,9,21,95,252,242,25.05,25.03,25.02,25,24.96,59,35,8,74,1,1
2020-01-02 09:57:55,25.05,48.000,120240.000,25.05,25.06,25.07,25.08,25.09,3,12,21,99,252,25.03,25.02,25,24.96,24.95,35,8,74,1,82,0
2020-01-02 09:57:58,25.05,2.000,5010.000,25.05,25.06,25.07,25.08,25.09,21,12,27,99,252,25.03,25.02,25,24.96,24.95,35,8,74,3,82,1
2020-01-02 09:58:01,25.05,30.000,75150.000,25.06,25.07,25.08,25.09,25.1,12,27,99,252,236,25.03,25.02,25,24.96,24.95,35,8,74,3,82,1
2020-01-02 09:58:04,25.06,1.000,2504.000,25.06,25.07,25.08,25.09,25.1,11,27,99,252,236,25.03,25.02,25,24.96,24.95,35,8,74,3,82,1
2020-01-02 09:58:11,25.03,15.000,37580.000,25.06,25.07,25.08,25.09,25.1,5,27,104,252,236,25.03,25.02,25,24.96,24.95,32,8,79,1,82,0
2020-01-02 09:58:13,25.03,5.000,12526.000,25.06,25.07,25.08,25.09,25.1,1,27,104,252,236,25.03,25.02,25,24.96,24.95,31,8,79,1,82,0
2020-01-02 09:58:22,25.03,1.000,2504.000,25.06,25.07,25.08,25.09,25.1,1,27,104,252,236,25.03,25.02,25,24.96,24.95,35,8,79,1,84,0
2020-01-02 09:58:32,25.03,14.000,35042.000,25.05,25.06,25.07,25.08,25.09,5,2,17,104,252,25.02,25,24.96,24.95,24.9,8,79,1,84,133,0
2020-01-02 09:58:34,25.06,7.000,17534.000,25.07,25.08,25.09,25.1,25.11,17,104,252,236,2,25.06,25.02,25,24.96,24.95,1,8,79,1,84,1
2020-01-02 09:58:42,25.07,10.000,25064.000,25.07,25.08,25.09,25.1,25.11,13,104,252,236,2,25.02,25,24.96,24.95,24.9,8,79,1,84,133,1
2020-01-02 09:58:43,25.02,8.000,20016.000,25.02,25.05,25.07,25.08,25.09,2,5,13,104,252,25,24.96,24.95,24.9,24.88,79,1,84,133,9,0
2020-01-02 09:58:46,25.05,4.000,10014.000,25.05,25.07,25.08,25.09,25.1,3,13,104,252,236,25,24.96,24.95,24.9,24.88,79,1,84,133,9,1
2020-01-02 09:58:49,25.05,1.000,2506.000,25.05,25.07,25.08,25.09,25.1,2,13,100,252,236,25,24.96,24.95,24.9,24.88,79,1,84,133,9,1
2020-01-02 09:58:51,25.07,14.000,35094.000,25.07,25.08,25.09,25.1,25.11,1,100,252,236,2,25.05,25,24.96,24.95,24.9,1,79,1,84,133,1
2020-01-02 09:58:58,25.08,30.000,75236.000,25.08,25.09,25.1,25.11,25.12,71,252,236,2,56,25.05,25,24.96,24.95,24.9,4,79,1,84,133,1
2020-01-02 09:59:01,25.06,1.000,2506.000,25.06,25.07,25.08,25.09,25.1,4,14,71,252,236,25.05,25,24.96,24.95,24.9,4,79,1,84,133,0
2020-01-02 09:59:16,25.05,4.000,10020.000,25.05,25.06,25.07,25.08,25.09,1,20,14,71,252,25.02,25,24.97,24.96,24.95,110,74,4,1,84,0
2020-01-02 09:59:19,25.05,1.000,2504.000,25.06,25.07,25.08,25.09,25.1,16,14,71,252,236,25.05,25.02,25,24.97,24.96,12,110,74,4,1,1
2020-01-02 09:59:21,25.06,1.000,2508.000,25.06,25.07,25.08,25.09,25.1,15,14,71,252,236,25.05,25.02,25,24.97,24.96,12,110,74,4,1,1
2020-01-02 09:59:22,25.06,9.000,22552.000,25.06,25.07,25.08,25.09,25.1,6,14,71,252,236,25.05,25.03,25.02,25,24.97,12,6,110,74,4,1
2020-01-02 09:59:26,25.02,25.000,62594.000,25.06,25.07,25.08,25.09,25.1,26,14,75,252,236,25.02,25,24.97,24.96,24.95,103,74,4,1,84,0
2020-01-02 09:59:34,25.05,1.000,2502.000,25.05,25.06,25.07,25.08,25.09,1,28,14,75,252,25.03,25.02,25,24.97,24.96,2,107,141,10,1,1
2020-01-02 09:59:42,25.03,1.000,2502.000,25.05,25.06,25.07,25.08,25.09,16,28,14,75,252,25.03,25.02,25,24.97,24.96,1,107,141,10,1,0
2020-01-02 09:59:45,25.05,2.000,5012.000,25.05,25.06,25.07,25.08,25.09,14,28,14,75,252,25.03,25.02,25,24.97,24.96,1,107,141,10,1,1
2020-01-02 09:59:46,25.02,11.000,27524.000,25.03,25.05,25.06,25.07,25.08,2,14,28,14,75,25.02,25,24.97,24.96,24.95,97,141,10,1,84,0
2020-01-02 09:59:48,25.03,2.000,5004.000,25.04,25.05,25.06,25.07,25.08,4,14,28,14,75,25.03,25.02,25,24.97,24.96,18,97,141,10,1,1
2020-01-02 09:59:51,25.03,18.000,45054.000,25.03,25.04,25.05,25.06,25.07,7,4,15,28,14,25.02,25,24.97,24.96,24.95,97,141,10,1,84,0
2020-01-02 09:59:54,25.03,7.000,17522.000,25.03,25.04,25.05,25.06,25.07,2,4,15,28,14,25.02,25,24.97,24.96,24.95,97,141,10,1,84,1
2020-01-02 09:59:55,25.02,1.000,2500.000,25.03,25.04,25.05,25.06,25.07,2,4,15,28,14,25.02,25,24.97,24.96,24.95,96,141,10,1,84,0
2020-01-02 09:59:57,25.03,2.000,5008.000,25.04,25.05,25.06,25.07,25.08,4,15,28,14,75,25.02,25,24.97,24.96,24.95,96,141,10,1,84,1
2020-01-02 10:00:01,25.02,40.000,100178.000,25.03,25.06,25.07,25.08,25.09,46,17,14,75,252,25.02,25,24.97,24.96,24.95,88,141,10,1,84,0
2020-01-02 10:00:03,25.03,46.000,115138.000,25.06,25.07,25.08,25.09,25.1,17,14,75,252,236,25.04,25.02,25,24.97,24.96,13,88,141,10,1,1
2020-01-02 10:00:06,25.06,1.000,2506.000,25.06,25.07,25.08,25.09,25.1,16,18,75,252,236,25.04,25.02,25,24.97,24.96,13,88,141,10,1,1
2020-01-02 10:00:07,25.06,1.000,2506.000,25.05,25.06,25.07,25.08,25.09,10,15,18,75,252,25.04,25.02,25,24.97,24.96,13,88,141,10,1,1
2020-01-02 10:00:09,25.04,13.000,32552.000,25.03,25.05,25.06,25.07,25.08,3,10,15,18,75,25.02,25,24.97,24.96,24.95,88,141,10,1,84,0
2020-01-02 10:00:13,25.03,3.000,7508.000,25.05,25.06,25.07,25.08,25.09,10,15,18,75,252,25.03,25.02,25,24.97,24.96,11,88,141,10,1,0
2020-01-02 10:00:16,25.03,10.000,25032.000,25.04,25.05,25.06,25.07,25.08,10,10,15,18,75,25.03,25.02,25,24.97,24.96,3,88,141,10,1,0
2020-01-02 10:00:24,25.03,4.000,10012.000,25.03,25.04,25.05,25.06,25.07,2,10,10,15,14,25.02,25,24.97,24.96,24.95,90,141,10,1,84,0
2020-01-02 10:00:27,25.02,63.000,157626.000,25.04,25.05,25.06,25.07,25.08,10,10,15,14,75,25.02,25,24.97,24.96,24.95,27,141,10,1,2,0
2020-01-02 10:00:32,25.02,14.000,35028.000,25.04,25.05,25.06,25.07,25.08,14,10,15,14,75,25.02,25,24.97,24.96,24.95,14,79,10,1,2,0
2020-01-02 10:00:36,25.02,14.000,35026.000,25.02,25.03,25.04,25.05,25.06,7,13,14,10,15,25,24.97,24.96,24.95,24.9,79,10,1,2,6,0
2020-01-02 10:00:38,25.02,6.000,15012.000,25.02,25.03,25.04,25.05,25.06,1,13,14,10,15,25,24.97,24.96,24.95,24.9,79,10,1,2,6,1
2020-01-02 10:00:44,25.03,16.000,40048.000,25.04,25.05,25.06,25.07,25.08,14,10,15,14,75,25.03,25,24.97,24.96,24.95,84,89,10,1,2,1
2020-01-02 10:00:47,25.03,75.000,187726.000,25.04,25.05,25.06,25.07,25.08,14,10,15,14,75,25.03,25.02,25,24.97,24.96,9,9,89,10,1,0
2020-01-02 10:00:50,25.02,10.000,25026.000,25.04,25.05,25.06,25.07,25.08,24,10,15,14,75,25.02,25,24.97,24.96,24.95,8,89,10,1,2,0
2020-01-02 10:01:00,25.03,35.000,87644.000,25.05,25.06,25.07,25.08,25.09,4,15,14,80,252,25.03,25.02,25,24.97,24.96,130,8,89,10,1,1
2020-01-02 10:01:18,25.03,13.000,32536.000,25.04,25.05,25.06,25.07,25.08,8,5,15,14,80,25.03,25.02,25,24.97,24.96,117,8,89,10,1,0
2020-01-02 10:01:23,25.05,20.000,50092.000,25.06,25.07,25.08,25.09,25.1,15,14,80,252,236,25.05,25.03,25.02,25,24.97,34,141,8,89,10,1
2020-01-02 10:01:27,25.05,24.000,60120.000,25.06,25.07,25.08,25.09,25.1,15,14,80,252,236,25.05,25.03,25.02,25,24.97,10,141,8,89,10,0
2020-01-02 10:01:36,25.05,9.000,22544.000,25.06,25.07,25.08,25.09,25.1,15,14,80,252,253,25.05,25.03,25.02,25,24.97,4,141,8,89,10,0
2020-01-02 10:01:39,25.05,23.000,57608.000,25.05,25.06,25.07,25.08,25.09,4,15,14,80,252,25.03,25.02,25,24.97,24.96,137,8,89,10,1,0
2020-01-02 10:01:42,25.05,7.000,17536.000,25.06,25.07,25.08,25.09,25.1,15,14,80,252,253,25.05,25.03,25.02,25,24.97,154,137,8,89,10,1
2020-01-02 10:01:46,25.05,4.000,10020.000,25.06,25.07,25.08,25.09,25.1,15,14,80,252,253,25.05,25.03,25.02,25,24.97,150,137,8,89,10,0
2020-01-02 10:01:50,25.05,2.000,5008.000,25.06,25.07,25.08,25.09,25.1,15,14,80,252,253,25.05,25.03,25.02,25,24.97,148,137,8,89,10,0
2020-01-02 10:01:53,25.05,3.000,7516.000,25.06,25.07,25.08,25.09,25.1,15,14,80,252,253,25.05,25.03,25.02,25,24.97,145,142,8,89,10,0
2020-01-02 10:01:55,25.09,273.000,684804.000,25.09,25.1,25.11,25.12,25.13,88,253,2,56,10,25.05,25.03,25.02,25,24.97,145,146,8,89,10,1
2020-01-02 10:02:00,25.09,30.000,75268.000,25.09,25.1,25.11,25.12,25.13,58,253,2,56,10,25.05,25.03,25.02,25,24.97,145,146,8,89,10,1
2020-01-02 10:02:03,25.09,25.000,62728.000,25.09,25.1,25.11,25.12,25.13,33,253,2,56,10,25.05,25.03,25.02,25,24.97,145,146,8,89,10,1
2020-01-02 10:02:11,25.09,7.000,17564.000,25.09,25.1,25.11,25.12,25.13,26,253,2,56,10,25.06,25.05,25.03,25.02,25,30,145,146,8,89,1
2020-01-02 10:02:15,25.06,4.000,10028.000,25.09,25.1,25.11,25.12,25.13,32,253,2,56,10,25.06,25.05,25.03,25.02,25,27,145,141,8,89,0
2020-01-02 10:02:20,25.09,5.000,12540.000,25.09,25.1,25.11,25.12,25.13,27,253,2,56,10,25.06,25.05,25.03,25.02,25,27,145,141,8,89,1
2020-01-02 10:02:23,25.09,4.000,10040.000,25.09,25.1,25.11,25.12,25.13,23,253,2,56,10,25.06,25.05,25.03,25.02,25,27,145,141,8,89,1
2020-01-02 10:02:35,25.09,9.000,22584.000,25.09,25.1,25.11,25.12,25.13,16,253,2,56,10,25.06,25.03,25.02,25,24.97,27,141,8,89,10,1
2020-01-02 10:02:40,25.09,3.000,7528.000,25.09,25.1,25.11,25.12,25.13,33,253,2,56,10,25.06,25.03,25.02,25,24.97,28,141,8,89,10,1
2020-01-02 10:02:58,25.06,30.000,75176.000,25.09,25.1,25.11,25.12,25.13,44,236,2,56,10,25.06,25.05,25.03,25.02,25,1,5,141,8,89,0
2020-01-02 10:03:02,25.09,41.000,102872.000,25.08,25.09,25.1,25.11,25.12,2,3,236,2,56,25.06,25.05,25.03,25.02,25,1,5,141,8,89,1
2020-01-02 10:03:10,25.05,6.000,15032.000,25.05,25.08,25.09,25.1,25.11,4,8,14,236,2,25.04,25.03,25.02,25,24.97,20,141,8,89,10,0
2020-01-02 10:03:13,25.05,4.000,10016.000,25.08,25.09,25.1,25.11,25.12,8,14,236,2,56,25.05,25.04,25.03,25.02,25,12,20,141,8,89,1
2020-01-02 10:03:14,25.08,6.000,15048.000,25.08,25.09,25.1,25.11,25.12,2,14,236,2,56,25.05,25.04,25.03,25.02,25,12,20,141,8,89,1
2020-01-02 10:03:16,25.08,1.000,2512.000,25.08,25.09,25.1,25.11,25.12,1,14,236,2,56,25.05,25.04,25.03,25.02,25,9,20,141,8,89,1
2020-01-02 10:03:18,25.08,1.000,2504.000,25.09,25.1,25.11,25.12,25.13,14,236,2,56,10,25.08,25.05,25.04,25.03,25.02,2,9,20,141,8,1
2020-01-02 10:03:21,25.09,3.000,7528.000,25.09,25.1,25.11,25.12,25.13,21,236,2,56,10,25.06,25.05,25.04,25.03,25.02,144,9,20,141,8,1
2020-01-02 10:03:25,25.09,4.000,10036.000,25.09,25.1,25.11,25.12,25.13,17,236,2,56,10,25.06,25.05,25.04,25.03,25.02,149,3,20,141,8,1
2020-01-02 10:03:28,25.09,2.000,5020.000,25.09,25.1,25.11,25.12,25.13,15,236,2,56,10,25.07,25.06,25.05,25.04,25.03,9,149,3,20,141,1
2020-01-02 10:03:31,25.09,17.000,42648.000,25.1,25.11,25.12,25.13,25.14,236,2,56,10,60,25.09,25.07,25.06,25.05,25.04,86,13,149,3,20,1
2020-01-02 10:03:33,25.1,34.000,85340.000,25.1,25.11,25.12,25.13,25.14,202,2,56,10,60,25.09,25.07,25.06,25.05,25.04,92,7,144,3,20,1
2020-01-02 10:03:34,25.1,1.000,2512.000,25.1,25.11,25.12,25.13,25.14,201,2,56,10,60,25.09,25.07,25.06,25.05,25.04,92,7,144,2,20,1
2020-01-02 10:03:37,25.1,105.000,263548.000,25.1,25.11,25.12,25.13,25.14,96,2,56,10,60,25.09,25.07,25.06,25.05,25.04,92,7,144,2,20,1
2020-01-02 10:03:37,25.1,29.000,72788.000,25.1,25.11,25.12,25.13,25.14,67,2,56,11,60,25.09,25.07,25.06,25.05,25.04,92,7,144,2,20,1
2020-01-02 10:03:40,25.1,67.000,168172.000,25.11,25.12,25.13,25.14,25.15,2,56,11,60,36,25.1,25.09,25.06,25.05,25.04,103,92,144,2,20,1
2020-01-02 10:03:41,25.11,2.000,5024.000,25.12,25.13,25.14,25.15,25.16,56,11,60,36,20,25.11,25.1,25.09,25.05,25.04,4,92,92,2,20,1
2020-01-02 10:03:43,25.14,91.000,228648.000,25.14,25.15,25.16,25.19,25.2,36,36,20,2,226,25.11,25.1,25.09,25.05,25.04,4,102,92,2,20,1
2020-01-02 10:03:46,25.14,1.000,2516.000,25.14,25.15,25.16,25.19,25.2,35,36,20,2,226,25.11,25.1,25.09,25.05,25.04,4,102,92,2,20,1
2020-01-02 10:03:46,25.14,1.000,2512.000,25.14,25.15,25.16,25.19,25.2,34,36,20,2,226,25.12,25.11,25.1,25.09,25.05,3,4,102,92,2,1
2020-01-02 10:03:48,25.14,5.000,12572.000,25.14,25.15,25.16,25.19,25.2,29,36,20,2,226,25.12,25.11,25.1,25.09,25.08,3,4,81,92,5,1
2020-01-02 10:03:52,25.14,27.000,67876.000,25.14,25.15,25.16,25.19,25.2,2,36,20,2,226,25.12,25.11,25.1,25.09,25.08,3,148,14,92,5,1
2020-01-02 10:03:52,25.14,2.000,5028.000,25.15,25.16,25.19,25.2,25.21,36,20,2,226,1,25.14,25.12,25.11,25.1,25.09,28,3,148,16,92,1
2020-01-02 10:03:57,25.14,2.000,5032.000,25.15,25.16,25.19,25.2,25.21,36,20,2,226,1,25.14,25.12,25.11,25.1,25.09,26,3,148,16,92,0
2020-01-02 10:04:00,25.14,67.000,168500.000,25.16,25.19,25.2,25.21,25.22,6,2,226,1,2,25.14,25.12,25.11,25.1,25.09,9,3,4,16,92,0
2020-01-02 10:04:03,25.15,10.000,25148.000,25.15,25.16,25.19,25.2,25.21,41,5,2,226,1,25.14,25.12,25.11,25.1,25.09,9,3,4,16,90,1
2020-01-02 10:04:05,25.16,51.000,128280.000,25.19,25.2,25.21,25.22,25.23,2,226,1,2,11,25.16,25.14,25.12,25.11,25.1,97,11,3,4,16,1
2020-01-02 10:04:14,25.19,2.000,5032.000,25.2,25.21,25.22,25.23,25.24,223,1,2,11,10,25.19,25.16,25.14,25.12,25.1,18,109,9,3,16,1
2020-01-02 10:04:17,25.2,4.000,10080.000,25.2,25.21,25.22,25.23,25.24,219,1,2,11,10,25.19,25.16,25.14,25.12,25.1,18,109,9,3,16,1
2020-01-02 10:04:20,25.2,100.000,252000.000,25.2,25.21,25.22,25.23,25.24,119,1,2,5,10,25.19,25.16,25.14,25.12,25.1,18,109,9,3,16,1
2020-01-02 10:04:25,25.2,1.000,2516.000,25.2,25.21,25.22,25.23,25.24,118,1,2,5,10,25.19,25.16,25.15,25.14,25.12,18,109,1,9,3,1
2020-01-02 10:04:28,25.2,3.000,7560.000,25.2,25.21,25.22,25.23,25.24,115,1,2,5,10,25.19,25.16,25.15,25.14,25.12,18,109,1,9,3,1
2020-01-02 10:04:35,25.2,54.000,136080.000,25.2,25.21,25.22,25.23,25.24,62,1,2,5,10,25.19,25.16,25.15,25.14,25.12,18,12,1,9,9,1
2020-01-02 10:04:37,25.2,30.000,75600.000,25.2,25.21,25.22,25.23,25.24,34,1,2,5,10,25.19,25.16,25.15,25.14,25.12,18,12,1,9,9,1
2020-01-02 10:04:40,25.2,2.000,5040.000,25.2,25.21,25.22,25.23,25.24,32,1,2,5,10,25.19,25.16,25.15,25.14,25.12,18,12,1,9,9,1
2020-01-02 10:04:41,25.2,33.000,83156.000,25.21,25.22,25.23,25.24,25.25,1,2,5,10,32,25.2,25.19,25.16,25.15,25.14,8,47,12,1,9,1
2020-01-02 10:04:44,25.22,3.000,7564.000,25.23,25.24,25.25,25.26,25.29,5,10,32,123,11,25.22,25.2,25.19,25.16,25.15,147,128,49,10,1,1
2020-01-02 10:04:49,25.22,2.000,5044.000,25.23,25.24,25.25,25.26,25.29,5,10,32,123,11,25.22,25.2,25.19,25.16,25.15,145,138,49,10,1,0
2020-01-02 10:04:52,25.23,111.000,280300.000,25.26,25.29,25.3,25.35,25.39,65,11,31,16,15,25.23,25.22,25.2,25.19,25.16,86,147,141,49,10,1
2020-01-02 10:04:55,25.26,6.000,15156.000,25.26,25.29,25.3,25.35,25.39,59,11,31,16,15,25.24,25.23,25.22,25.2,25.19,10,88,145,141,49,1
2020-01-02 10:04:55,25.26,3.000,7572.000,25.26,25.29,25.3,25.35,25.39,58,11,31,16,15,25.24,25.23,25.22,25.2,25.19,8,88,145,141,49,1
2020-01-02 10:04:57,25.26,3.000,7580.000,25.26,25.29,25.3,25.35,25.39,55,11,31,16,15,25.23,25.22,25.2,25.19,25.16,86,145,141,49,10,1
2020-01-02 10:04:57,25.26,40.000,101040.000,25.26,25.29,25.3,25.35,25.39,15,11,31,16,15,25.25,25.23,25.22,25.2,25.19,10,88,145,147,49,1
2020-01-02 10:05:01,25.26,15.000,37892.000,25.27,25.29,25.3,25.35,25.39,1,11,31,16,15,25.26,25.25,25.23,25.22,25.2,172,10,88,145,147,1
2020-01-02 10:05:03,25.26,5.000,12632.000,25.27,25.29,25.3,25.35,25.39,3,11,31,16,15,25.26,25.23,25.22,25.2,25.19,168,88,145,143,31,0
2020-01-02 10:05:10,25.27,33.000,83360.000,25.29,25.3,25.35,25.39,25.4,11,31,16,15,15,25.27,25.26,25.23,25.22,25.2,15,143,2,145,143,1
2020-01-02 10:05:19,25.29,49.000,123916.000,25.3,25.35,25.39,25.4,25.42,23,16,16,15,49,25.29,25.28,25.27,25.26,25.23,323,80,8,5,2,1
2020-01-02 10:05:22,25.29,42.000,106220.000,25.3,25.35,25.39,25.4,25.42,23,16,16,15,49,25.29,25.28,25.27,25.26,25.23,281,80,8,5,2,0
2020-01-02 10:05:22,25.29,14.000,35408.000,25.3,25.35,25.39,25.4,25.42,19,16,16,15,49,25.29,25.28,25.27,25.26,25.23,271,80,8,5,2,0
2020-01-02 10:05:26,25.3,3.000,7592.000,25.3,25.34,25.35,25.39,25.4,16,10,16,16,15,25.29,25.28,25.27,25.26,25.23,288,80,8,5,2,1
2020-01-02 10:05:28,25.3,1.000,2528.000,25.3,25.34,25.35,25.39,25.4,15,10,16,16,15,25.29,25.28,25.27,25.26,25.23,273,80,8,5,2,1
2020-01-02 10:05:34,25.29,10.000,25288.000,25.3,25.34,25.35,25.39,25.4,24,10,16,26,15,25.29,25.28,25.27,25.26,25.23,263,80,8,5,2,0
2020-01-02 10:05:38,25.3,27.000,68312.000,25.33,25.34,25.35,25.39,25.4,5,10,16,26,15,25.3,25.29,25.26,25.23,25.22,157,263,5,2,145,1
2020-01-02 10:05:39,25.33,4.000,10132.000,25.33,25.34,25.35,25.39,25.4,1,10,16,26,15,25.3,25.29,25.26,25.23,25.22,157,263,5,2,145,1
2020-01-02 10:05:40,25.3,129.000,326372.000,25.33,25.34,25.35,25.39,25.4,9,10,16,26,15,25.3,25.29,25.26,25.23,25.22,43,243,5,2,145,0
2020-01-02 10:05:43,25.31,10.000,25304.000,25.33,25.34,25.35,25.39,25.4,42,10,16,26,15,25.31,25.3,25.29,25.26,25.23,74,43,243,5,2,1
2020-01-02 10:05:46,25.31,35.000,88584.000,25.33,25.34,25.35,25.39,25.4,41,10,16,26,15,25.31,25.3,25.29,25.26,25.23,40,33,243,5,2,0
2020-01-02 10:05:49,25.31,35.000,88604.000,25.32,25.33,25.34,25.35,25.39,19,33,10,16,26,25.31,25.3,25.29,25.26,25.23,13,33,243,5,2,0
2020-01-02 10:05:50,25.31,8.000,20248.000,25.32,25.33,25.34,25.35,25.39,19,33,10,16,26,25.31,25.3,25.29,25.26,25.22,5,43,243,5,145,0
2020-01-02 10:05:52,25.32,39.000,98736.000,25.33,25.34,25.35,25.39,25.4,36,10,16,26,15,25.32,25.3,25.29,25.26,25.22,4,43,243,5,145,1
2020-01-02 10:05:55,25.32,4.000,10128.000,25.32,25.33,25.34,25.35,25.39,62,38,10,16,26,25.3,25.29,25.26,25.22,25.2,43,243,5,145,133,0
2020-01-02 10:05:57,25.31,20.000,50620.000,25.32,25.33,25.34,25.35,25.39,67,36,10,16,26,25.31,25.3,25.29,25.26,25.22,10,43,243,5,145,0
2020-01-02 10:05:58,25.32,31.000,78492.000,25.32,25.33,25.34,25.35,25.38,38,36,10,16,8,25.31,25.3,25.29,25.26,25.22,10,43,243,5,145,1
2020-01-02 10:06:01,25.32,11.000,27840.000,25.32,25.33,25.34,25.35,25.38,56,18,10,16,8,25.3,25.29,25.26,25.22,25.2,43,243,5,145,133,1
2020-01-02 10:06:03,25.3,7.000,17712.000,25.32,25.33,25.34,25.35,25.38,56,18,10,16,8,25.3,25.29,25.26,25.22,25.2,36,243,5,145,133,0
2020-01-02 10:06:04,25.3,24.000,60724.000,25.31,25.32,25.33,25.35,25.38,10,55,18,16,8,25.3,25.29,25.26,25.22,25.2,13,243,5,145,133,0
2020-01-02 10:06:06,25.3,10.000,25296.000,25.31,25.32,25.33,25.35,25.38,24,50,3,16,8,25.3,25.29,25.26,25.22,25.2,3,243,5,145,133,0
2020-01-02 10:06:07,25.31,55.000,139128.000,25.31,25.32,25.33,25.35,25.38,63,46,3,16,8,25.29,25.26,25.22,25.2,25.16,204,5,145,133,10,1
2020-01-02 10:06:09,25.29,154.000,389464.000,25.3,25.31,25.32,25.33,25.35,105,72,38,3,16,25.29,25.26,25.22,25.2,25.16,50,5,145,133,10,0
2020-01-02 10:06:11,25.3,73.000,184640.000,25.3,25.31,25.32,25.33,25.35,82,72,38,3,16,25.26,25.22,25.2,25.16,25.14,5,145,33,10,9,1
2020-01-02 10:06:12,25.26,5.000,12632.000,25.26,25.3,25.31,25.32,25.33,10,83,63,38,3,25.22,25.2,25.16,25.14,25.12,145,33,10,9,9,0
2020-01-02 10:06:13,25.3,84.000,212464.000,25.28,25.3,25.31,25.32,25.33,8,24,64,38,3,25.22,25.2,25.16,25.14,25.12,144,33,10,9,9,1
2020-01-02 10:06:20,25.22,24.000,60552.000,25.28,25.29,25.3,25.31,25.32,29,28,33,69,39,25.22,25.2,25.16,25.14,25.12,124,33,10,9,9,0
2020-01-02 10:06:23,25.29,67.000,169396.000,25.3,25.31,25.32,25.33,25.35,33,58,59,3,16,25.29,25.26,25.2,25.16,25.14,47,2,33,10,9,1
2020-01-02 10:06:26,25.29,37.000,93572.000,25.3,25.31,25.32,25.33,25.35,33,58,59,3,16,25.29,25.26,25.2,25.16,25.14,10,2,33,10,9,0
2020-01-02 10:06:29,25.29,10.000,25288.000,25.29,25.3,25.31,25.32,25.33,71,33,58,59,3,25.26,25.2,25.16,25.14,25.12,2,33,10,9,9,0
2020-01-02 10:06:32,25.28,67.000,169432.000,25.29,25.3,25.31,25.32,25.33,15,48,56,59,3,25.28,25.26,25.2,25.16,25.14,1,2,33,10,9,0
2020-01-02 10:06:35,25.26,2.000,5052.000,25.29,25.3,25.31,25.32,25.33,17,52,56,59,3,25.26,25.2,25.16,25.14,25.12,1,33,10,9,9,0
2020-01-02 10:06:41,25.3,83.000,209968.000,25.31,25.32,25.33,25.35,25.38,106,59,3,16,8,25.3,25.29,25.26,25.2,25.16,66,1,1,34,10,1
2020-01-02 10:06:44,25.3,63.000,159388.000,25.31,25.32,25.33,25.35,25.38,105,59,3,16,8,25.3,25.29,25.26,25.2,25.16,3,1,1,34,10,0
2020-01-02 10:06:45,25.29,4.000,10120.000,25.28,25.29,25.3,25.31,25.32,24,2,2,110,59,25.26,25.2,25.16,25.14,25.12,1,34,10,9,11,0
2020-01-02 10:06:47,25.2,6.000,15124.000,25.28,25.29,25.3,25.31,25.32,24,2,30,110,52,25.2,25.16,25.14,25.12,25.1,29,10,9,11,12,0
2020-01-02 10:06:49,25.28,5.000,12640.000,25.28,25.3,25.31,25.32,25.33,20,60,105,52,3,25.2,25.16,25.14,25.12,25.1,29,10,9,11,12,1
2020-01-02 10:06:51,25.2,5.000,12600.000,25.28,25.3,25.31,25.32,25.33,25,60,105,52,3,25.2,25.16,25.14,25.12,25.1,24,10,9,11,12,0
2020-01-02 10:06:52,25.28,1.000,2528.000,25.28,25.3,25.31,25.32,25.33,24,60,105,52,3,25.2,25.16,25.14,25.12,25.1,26,10,9,11,12,1
2020-01-02 10:06:59,25.2,81.000,204372.000,25.2,25.29,25.3,25.31,25.32,149,1,70,105,24,25.19,25.16,25.14,25.12,25.1,1,10,9,11,12,0
2020-01-02 10:07:02,25.2,2.000,5040.000,25.2,25.27,25.28,25.29,25.3,147,2,30,1,70,25.19,25.16,25.14,25.12,25.1,1,10,9,11,12,1
2020-01-02 10:07:03,25.2,5.000,12600.000,25.2,25.27,25.28,25.29,25.3,142,2,30,1,70,25.19,25.16,25.14,25.12,25.1,1,10,9,11,12,1
2020-01-02 10:07:05,25.19,1.000,2520.000,25.19,25.2,25.26,25.27,25.28,2,142,10,2,30,25.16,25.14,25.12,25.1,25.09,10,9,11,12,5,0
2020-01-02 10:07:06,25.19,2.000,5036.000,25.2,25.26,25.27,25.28,25.29,142,10,2,30,1,25.19,25.16,25.14,25.12,25.1,31,10,9,11,12,1
2020-01-02 10:07:07,25.2,2.000,5040.000,25.2,25.26,25.27,25.28,25.29,140,10,2,30,7,25.19,25.16,25.14,25.12,25.1,31,10,9,11,12,1
2020-01-02 10:07:10,25.2,39.000,98280.000,25.2,25.26,25.27,25.28,25.29,101,10,2,30,8,25.19,25.16,25.14,25.12,25.1,31,10,9,11,12,1
2020-01-02 10:07:13,25.2,10.000,25200.000,25.19,25.2,25.25,25.26,25.27,10,91,30,10,2,25.18,25.16,25.15,25.14,25.12,15,10,5,9,11,1
2020-01-02 10:07:15,25.19,10.000,25192.000,25.2,25.25,25.26,25.27,25.28,91,30,10,2,30,25.19,25.18,25.16,25.15,25.14,11,15,10,5,9,0
2020-01-02 10:07:18,25.2,32.000,80640.000,25.2,25.25,25.26,25.27,25.29,60,30,10,2,9,25.19,25.18,25.16,25.15,25.14,10,15,10,5,9,1
2020-01-02 10:07:19,25.2,60.000,151200.000,25.25,25.26,25.27,25.29,25.3,30,10,2,9,84,25.2,25.19,25.18,25.16,25.15,3,10,15,10,5,1
2020-01-02 10:07:26,25.2,2.000,5040.000,25.25,25.26,25.27,25.29,25.3,30,10,2,9,85,25.2,25.19,25.18,25.16,25.15,2,9,15,10,5,0
2020-01-02 10:07:43,25.25,10.000,25248.000,25.25,25.26,25.27,25.29,25.3,25,10,2,9,94,25.21,25.2,25.19,25.18,25.16,11,3,9,15,10,1
2020-01-02 10:07:50,25.26,36.000,90912.000,25.27,25.29,25.3,25.31,25.32,2,9,94,55,24,25.26,25.22,25.21,25.2,25.18,65,3,11,8,15,1
2020-01-02 10:07:54,25.26,6.000,15156.000,25.27,25.29,25.3,25.31,25.32,2,9,94,55,24,25.26,25.22,25.21,25.2,25.18,59,3,11,8,15,0
2020-01-02 10:07:59,25.3,30.000,75884.000,25.3,25.31,25.32,25.33,25.35,75,55,24,3,16,25.26,25.21,25.2,25.18,25.16,59,11,8,15,10,1
2020-01-02 10:08:01,25.26,29.000,73260.000,25.3,25.31,25.32,25.33,25.35,75,55,24,3,16,25.26,25.21,25.2,25.18,25.16,35,11,8,15,10,0
2020-01-02 10:08:04,25.3,1.000,2528.000,25.3,25.31,25.32,25.33,25.35,64,55,24,3,16,25.26,25.22,25.21,25.2,25.18,35,50,10,8,15,1
2020-01-02 10:08:17,25.26,19.000,47996.000,25.28,25.29,25.3,25.31,25.32,20,10,68,55,23,25.26,25.22,25.21,25.2,25.18,16,50,10,26,15,0
2020-01-02 10:08:20,25.26,6.000,15156.000,25.28,25.29,25.3,25.31,25.32,25,10,41,55,23,25.26,25.22,25.21,25.2,25.18,10,50,10,26,15,0
2020-01-02 10:08:24,25.27,1.000,2524.000,25.27,25.28,25.29,25.3,25.31,2,25,10,41,55,25.26,25.22,25.21,25.2,25.18,11,50,10,26,15,1
2020-01-02 10:08:26,25.26,10.000,25264.000,25.27,25.28,25.29,25.3,25.31,4,25,10,46,55,25.26,25.22,25.21,25.2,25.18,1,50,10,26,15,0
2020-01-02 10:08:28,25.26,1.000,2524.000,25.26,25.27,25.28,25.29,25.3,4,4,25,9,46,25.22,25.21,25.2,25.18,25.16,50,10,26,15,10,0
2020-01-02 10:08:31,25.26,6.000,15156.000,25.26,25.28,25.29,25.3,25.31,2,25,9,46,55,25.22,25.21,25.2,25.18,25.16,50,10,26,15,10,1
2020-01-02 10:08:31,25.27,9.000,22736.000,25.28,25.29,25.3,25.31,25.32,25,4,46,55,23,25.27,25.22,25.21,25.2,25.18,3,50,10,26,15,1
2020-01-02 10:08:33,25.27,3.000,7584.000,25.26,25.27,25.28,25.29,25.3,3,2,25,4,46,25.22,25.21,25.2,25.18,25.16,50,10,26,15,10,0
2020-01-02 10:08:34,25.26,1.000,2524.000,25.26,25.27,25.28,25.29,25.3,12,48,25,4,46,25.22,25.21,25.2,25.18,25.16,50,10,7,15,10,0
2020-01-02 10:08:43,25.25,9.000,22724.000,25.25,25.26,25.27,25.28,25.29,1,14,1,25,4,25.22,25.21,25.2,25.18,25.16,50,10,7,15,10,0
2020-01-02 10:08:49,25.21,60.000,151312.000,25.21,25.25,25.26,25.27,25.28,4,1,14,1,25,25.2,25.18,25.16,25.15,25.14,7,15,10,10,9,0
2020-01-02 10:08:52,25.2,8.000,20160.000,25.21,25.25,25.26,25.27,25.28,4,1,12,1,25,25.18,25.16,25.15,25.14,25.12,15,10,10,9,31,0
2020-01-02 10:08:58,25.27,29.000,73200.000,25.28,25.29,25.3,25.31,25.32,5,4,65,55,23,25.18,25.16,25.15,25.14,25.12,15,10,10,9,31,1
2020-01-02 10:09:04,25.18,15.000,37768.000,25.27,25.28,25.29,25.3,25.31,30,5,4,65,55,25.16,25.15,25.14,25.12,25.11,10,10,9,31,5,0
2020-01-02 10:09:07,25.16,1.000,2516.000,25.21,25.22,25.27,25.28,25.29,6,5,30,15,4,25.16,25.15,25.14,25.12,25.11,9,10,9,31,5,0
2020-01-02 10:09:13,25.11,64.000,160848.000,25.18,25.21,25.22,25.26,25.27,10,6,5,15,35,25.1,25.09,25.08,25.06,25.05,12,1,5,6,2,0
2020-01-02 10:09:32,25.1,4.000,10040.000,25.18,25.19,25.21,25.22,25.26,16,1,6,5,19,25.1,25.09,25.08,25.06,25.05,8,1,5,6,2,0
2020-01-02 10:09:34,25.18,1.000,2520.000,25.18,25.19,25.21,25.22,25.26,15,1,6,5,19,25.1,25.09,25.08,25.06,25.05,8,1,5,6,2,1
