Time,Price,Volume,Amount,SP1,SP2,SP3,SP4,SP5,SV1,SV2,SV3,SV4,SV5,BP1,BP2,BP3,BP4,BP5,BV1,BV2,BV3,BV4,BV5,isBuy
2007-01-15 9:16:0,0,0,0,16.1,0,0,0,0,445,64,0,0,0,16.1,0,0,0,0,445,0,0,0,0,0
2007-01-15 9:16:10,0,0,0,16.1,0,0,0,0,445,104,0,0,0,16.1,0,0,0,0,445,0,0,0,0,0
2007-01-15 9:16:19,0,0,0,16.1,0,0,0,0,451,98,0,0,0,16.1,0,0,0,0,451,0,0,0,0,0
2007-01-15 9:16:29,0,0,0,16.1,0,0,0,0,451,113,0,0,0,16.1,0,0,0,0,451,0,0,0,0,0
2007-01-15 9:16:50,0,0,0,16.1,0,0,0,0,452,112,0,0,0,16.1,0,0,0,0,452,0,0,0,0,0
2007-01-15 9:16:59,0,0,0,16.1,0,0,0,0,453,171,0,0,0,16.1,0,0,0,0,453,0,0,0,0,0
2007-01-15 9:17:10,0,0,0,16.1,0,0,0,0,453,183,0,0,0,16.1,0,0,0,0,453,0,0,0,0,0
2007-01-15 9:17:20,0,0,0,16.1,0,0,0,0,494,152,0,0,0,16.1,0,0,0,0,494,0,0,0,0,0
2007-01-15 9:17:29,0,0,0,16.1,0,0,0,0,524,122,0,0,0,16.1,0,0,0,0,524,0,0,0,0,0
2007-01-15 9:17:40,0,0,0,16.1,0,0,0,0,524,124,0,0,0,16.1,0,0,0,0,524,0,0,0,0,0
2007-01-15 9:17:50,0,0,0,16.1,0,0,0,0,527,216,0,0,0,16.1,0,0,0,0,527,0,0,0,0,0
2007-01-15 9:17:59,0,0,0,16.1,0,0,0,0,527,214,0,0,0,16.1,0,0,0,0,527,0,0,0,0,0
2007-01-15 9:18:9,0,0,0,16.1,0,0,0,0,519,352,0,0,0,16.1,0,0,0,0,519,0,0,0,0,0
2007-01-15 9:18:19,0,0,0,16.1,0,0,0,0,519,367,0,0,0,16.1,0,0,0,0,519,0,0,0,0,0
2007-01-15 9:18:30,0,0,0,16.1,0,0,0,0,519,387,0,0,0,16.1,0,0,0,0,519,0,0,0,0,0
2007-01-15 9:18:40,0,0,0,16.1,0,0,0,0,532,376,0,0,0,16.1,0,0,0,0,532,0,0,0,0,0
2007-01-15 9:18:50,0,0,0,16.1,0,0,0,0,531,377,0,0,0,16.1,0,0,0,0,531,0,0,0,0,0
2007-01-15 9:19:0,0,0,0,16.1,0,0,0,0,888,0,0,0,0,16.1,0,0,0,0,888,643,0,0,0,0
2007-01-15 9:19:10,0,0,0,16.1,0,0,0,0,913,0,0,0,0,16.1,0,0,0,0,913,621,0,0,0,0
2007-01-15 9:19:40,0,0,0,16.1,0,0,0,0,1013,0,0,0,0,16.1,0,0,0,0,1013,521,0,0,0,0
2007-01-15 9:19:50,0,0,0,16.1,0,0,0,0,1028,0,0,0,0,16.1,0,0,0,0,1028,506,0,0,0,0
2007-01-15 9:20:0,0,0,0,16.1,0,0,0,0,1028,0,0,0,0,16.1,0,0,0,0,1028,532,0,0,0,0
2007-01-15 9:20:9,0,0,0,16.1,0,0,0,0,1028,0,0,0,0,16.1,0,0,0,0,1028,550,0,0,0,0
2007-01-15 9:20:20,0,0,0,16.1,0,0,0,0,1028,0,0,0,0,16.1,0,0,0,0,1028,1052,0,0,0,0
2007-01-15 9:20:29,0,0,0,16.1,0,0,0,0,1034,0,0,0,0,16.1,0,0,0,0,1034,1048,0,0,0,0
2007-01-15 9:20:39,0,0,0,16.1,0,0,0,0,1034,0,0,0,0,16.1,0,0,0,0,1034,1049,0,0,0,0
2007-01-15 9:20:49,0,0,0,16.1,0,0,0,0,1036,0,0,0,0,16.1,0,0,0,0,1036,1049,0,0,0,0
2007-01-15 9:21:1,0,0,0,16.1,0,0,0,0,1036,0,0,0,0,16.1,0,0,0,0,1036,1081,0,0,0,0
2007-01-15 9:21:9,0,0,0,16.1,0,0,0,0,1039,0,0,0,0,16.1,0,0,0,0,1039,1078,0,0,0,0
2007-01-15 9:21:20,0,0,0,16.1,0,0,0,0,1039,0,0,0,0,16.1,0,0,0,0,1039,1094,0,0,0,0
2007-01-15 9:21:29,0,0,0,16.1,0,0,0,0,1039,0,0,0,0,16.1,0,0,0,0,1039,1208,0,0,0,0
2007-01-15 9:21:39,0,0,0,16.1,0,0,0,0,1039,0,0,0,0,16.1,0,0,0,0,1039,1209,0,0,0,0
2007-01-15 9:21:49,0,0,0,16.1,0,0,0,0,1039,0,0,0,0,16.1,0,0,0,0,1039,1219,0,0,0,0
2007-01-15 9:22:2,0,0,0,16.1,0,0,0,0,1039,0,0,0,0,16.1,0,0,0,0,1039,1231,0,0,0,0
2007-01-15 9:22:10,0,0,0,16.1,0,0,0,0,1049,0,0,0,0,16.1,0,0,0,0,1049,1241,0,0,0,0
2007-01-15 9:22:20,0,0,0,16.1,0,0,0,0,1094,0,0,0,0,16.1,0,0,0,0,1094,1210,0,0,0,0
2007-01-15 9:22:29,0,0,0,16.1,0,0,0,0,1100,0,0,0,0,16.1,0,0,0,0,1100,1219,0,0,0,0
2007-01-15 9:22:49,0,0,0,16.13,0,0,0,0,1104,0,0,0,0,16.13,0,0,0,0,1104,440,0,0,0,0
2007-01-15 9:22:59,0,0,0,16.13,0,0,0,0,1149,0,0,0,0,16.13,0,0,0,0,1149,445,0,0,0,0
2007-01-15 9:23:10,0,0,0,16.13,0,0,0,0,1149,0,0,0,0,16.13,0,0,0,0,1149,475,0,0,0,0
2007-01-15 9:23:20,0,0,0,16.13,0,0,0,0,1195,0,0,0,0,16.13,0,0,0,0,1195,429,0,0,0,0
2007-01-15 9:23:30,0,0,0,16.13,0,0,0,0,1195,0,0,0,0,16.13,0,0,0,0,1195,452,0,0,0,0
2007-01-15 9:23:39,0,0,0,16.13,0,0,0,0,1195,0,0,0,0,16.13,0,0,0,0,1195,480,0,0,0,0
2007-01-15 9:23:50,0,0,0,16.13,0,0,0,0,1195,0,0,0,0,16.13,0,0,0,0,1195,488,0,0,0,0
2007-01-15 9:23:59,0,0,0,16.13,0,0,0,0,1195,0,0,0,0,16.13,0,0,0,0,1195,495,0,0,0,0
2007-01-15 9:24:10,0,0,0,16.13,0,0,0,0,1205,0,0,0,0,16.13,0,0,0,0,1205,603,0,0,0,0
2007-01-15 9:24:20,0,0,0,16.13,0,0,0,0,1205,0,0,0,0,16.13,0,0,0,0,1205,1486,0,0,0,0
2007-01-15 9:24:29,0,0,0,16.13,0,0,0,0,1235,0,0,0,0,16.13,0,0,0,0,1235,1465,0,0,0,0
2007-01-15 9:24:39,0,0,0,16.13,0,0,0,0,1235,0,0,0,0,16.13,0,0,0,0,1235,1487,0,0,0,0
2007-01-15 9:24:50,0,0,0,16.13,0,0,0,0,1235,0,0,0,0,16.13,0,0,0,0,1235,1545,0,0,0,0
2007-01-15 9:24:59,0,0,0,16.15,0,0,0,0,1237,0,0,0,0,16.15,0,0,0,0,1237,591,0,0,0,0
2007-01-15 9:25:9,0,0,0,16.15,0,0,0,0,1237,0,0,0,0,16.15,0,0,0,0,1237,594,0,0,0,0
2007-01-15 9:25:22,16.15,1237,1997190,16.2,16.26,16.28,16.3,16.31,105,2,50,371,3,16.15,16.14,16.13,16.12,16.11,594,90,2201,538,1011,0
2007-01-15 9:30:25,16.3,1039,1689682,16.32,16.33,16.34,16.35,16.36,2,3,19,20,5,16.3,16.28,16.26,16.25,16.22,533,5,409,547,4,0
2007-01-15 9:30:30,16.3,130,211330,16.32,16.33,16.34,16.35,16.36,2,3,19,20,5,16.3,16.28,16.26,16.25,16.22,403,5,409,587,4,0
2007-01-15 9:30:34,16.3,60,97800,16.31,16.32,16.33,16.34,16.35,2,2,3,19,20,16.3,16.28,16.26,16.25,16.22,343,5,409,587,4,0
2007-01-15 9:30:42,16.3,11,17931,16.31,16.32,16.33,16.34,16.35,1,2,3,19,20,16.3,16.28,16.26,16.25,16.22,333,5,409,591,4,0
2007-01-15 9:30:44,16.35,47,76810,16.36,16.37,16.38,16.39,16.4,5,3,56,26,69,16.35,16.3,16.28,16.26,16.25,121,363,5,409,591,0
2007-01-15 9:30:50,16.35,106,173310,16.36,16.37,16.38,16.39,16.4,5,3,56,26,49,16.35,16.32,16.31,16.3,16.28,15,1,360,363,5,0
2007-01-15 9:30:54,16.35,3,4905,16.36,16.37,16.38,16.39,16.4,5,3,56,26,49,16.35,16.32,16.31,16.3,16.28,12,21,364,363,5,0
2007-01-15 9:31:0,16.35,12,19620,16.33,16.36,16.37,16.38,16.39,8,5,5,56,26,16.32,16.31,16.3,16.28,16.26,33,401,391,5,409,0
2007-01-15 9:31:4,16.31,41,66904,16.33,16.36,16.37,16.38,16.39,8,5,5,56,36,16.32,16.31,16.3,16.28,16.26,3,396,401,5,409,0
2007-01-15 9:31:11,16.38,80,130949,16.39,16.4,16.41,16.42,16.43,36,49,3,19,3,16.38,16.36,16.32,16.31,16.3,39,89,7,396,418,0
2007-01-15 9:31:15,16.4,44,72124,16.4,16.41,16.42,16.43,16.44,41,3,19,3,3,16.38,16.36,16.35,16.32,16.31,89,201,200,7,396,1
2007-01-15 9:31:22,16.4,0,0,16.4,16.41,16.42,16.43,16.44,41,3,19,3,3,16.38,16.36,16.35,16.33,16.32,89,181,200,10,7,1
2007-01-15 9:31:25,16.4,54,88560,16.41,16.42,16.43,16.44,16.45,3,19,3,3,8,16.4,16.38,16.36,16.35,16.33,248,89,154,207,30,0
2007-01-15 9:31:31,16.4,0,0,16.41,16.42,16.43,16.44,16.45,3,19,3,3,8,16.4,16.39,16.38,16.36,16.35,1203,18,91,154,208,0
2007-01-15 9:31:35,16.41,79,129561,16.41,16.42,16.43,16.44,16.45,2,19,3,3,8,16.4,16.39,16.38,16.36,16.35,1212,60,143,154,210,1
2007-01-15 9:31:41,16.45,45,73901,16.46,16.47,16.48,16.49,16.5,8,253,269,8,450,16.45,16.42,16.4,16.39,16.38,67,5,1406,65,143,0
2007-01-15 9:31:45,16.45,235,386977,16.47,16.48,16.49,16.5,16.51,56,269,8,452,19,16.45,16.42,16.41,16.4,16.39,37,47,57,1445,65,0
2007-01-15 9:31:51,16.42,435,713820,16.47,16.48,16.49,16.5,16.51,56,269,13,452,19,16.42,16.41,16.4,16.39,16.38,282,107,1319,65,145,0
2007-01-15 9:31:55,16.4,500,820699,16.47,16.48,16.49,16.5,16.51,56,269,13,452,19,16.42,16.41,16.4,16.39,16.38,20,6,1259,47,145,0
2007-01-15 9:32:1,16.41,228,375158,16.48,16.49,16.5,16.51,16.52,227,13,455,19,3,16.41,16.4,16.39,16.38,16.36,65,1259,47,145,122,0
2007-01-15 9:32:4,16.45,166,273167,16.45,16.48,16.49,16.5,16.51,370,204,13,463,19,16.42,16.41,16.4,16.39,16.38,25,62,1172,95,145,1
2007-01-15 9:32:10,16.47,382,628414,16.48,16.49,16.5,16.51,16.52,204,46,463,19,3,16.47,16.45,16.43,16.42,16.41,121,25,200,45,70,0
2007-01-15 9:32:14,16.48,22,36253,16.48,16.49,16.5,16.51,16.52,185,46,464,19,3,16.47,16.45,16.44,16.43,16.42,156,25,2,200,45,1
2007-01-15 9:32:21,16.48,102,168075,16.48,16.49,16.5,16.51,16.52,104,46,462,19,3,16.47,16.45,16.44,16.43,16.42,144,25,2,200,398,1
2007-01-15 9:32:24,16.42,856,1406582,16.42,16.48,16.49,16.5,16.51,190,100,507,467,19,16.41,16.4,16.39,16.38,16.36,89,1214,83,104,102,1
2007-01-15 9:32:31,16.42,380,623629,16.42,16.45,16.47,16.48,16.49,20,10,105,110,507,16.4,16.39,16.38,16.36,16.35,1093,83,104,102,255,1
2007-01-15 9:32:36,16.48,361,594786,16.47,16.49,16.5,16.51,16.52,20,389,467,19,3,16.45,16.4,16.39,16.38,16.36,5,1058,83,104,102,0
2007-01-15 9:32:41,16.48,137,225832,16.49,16.5,16.51,16.52,16.53,288,467,19,3,19,16.48,16.47,16.45,16.42,16.41,11,17,34,240,10,0
2007-01-15 9:32:45,16.48,7,11536,16.49,16.5,16.51,16.52,16.53,288,466,19,3,19,16.48,16.47,16.45,16.42,16.41,125,17,34,245,10,0
2007-01-15 9:32:51,16.48,102,168140,16.49,16.5,16.51,16.52,16.53,244,471,19,3,19,16.48,16.47,16.45,16.42,16.41,102,17,34,390,44,0
2007-01-15 9:32:54,16.48,588,969875,16.5,16.51,16.52,16.53,16.54,181,19,843,19,3,16.49,16.48,16.47,16.45,16.42,30,92,17,64,390,0
2007-01-15 9:33:0,16.5,300,494686,16.51,16.52,16.53,16.54,16.55,19,843,19,3,20,16.5,16.49,16.48,16.47,16.46,508,20,14,17,20,0
2007-01-15 9:33:3,16.5,150,247500,16.51,16.52,16.53,16.54,16.55,19,843,19,3,20,16.5,16.49,16.48,16.47,16.46,360,20,64,17,21,0
2007-01-15 9:33:11,16.5,241,397763,16.52,16.53,16.54,16.55,16.56,838,19,3,22,19,16.5,16.49,16.48,16.47,16.46,282,139,76,17,21,0
2007-01-15 9:33:14,16.5,23,37950,16.52,16.53,16.54,16.55,16.56,838,19,3,22,19,16.5,16.49,16.48,16.47,16.46,541,274,82,37,21,0
2007-01-15 9:33:21,16.5,310,511765,16.52,16.53,16.54,16.55,16.56,740,19,3,422,19,16.5,16.49,16.48,16.47,16.46,443,287,84,47,21,0
2007-01-15 9:33:24,16.5,807,1332830,16.52,16.53,16.54,16.55,16.56,140,19,3,427,19,16.5,16.49,16.48,16.47,16.46,352,282,104,47,21,0
2007-01-15 9:33:31,16.52,143,235970,16.52,16.53,16.54,16.55,16.56,130,19,4,427,19,16.51,16.5,16.49,16.48,16.47,100,267,298,104,247,1
2007-01-15 9:33:34,16.52,477,788040,16.54,16.55,16.56,16.57,16.58,3,427,19,3,104,16.52,16.51,16.5,16.49,16.48,203,153,297,298,104,0
2007-01-15 9:33:42,16.52,21,34692,16.54,16.55,16.56,16.57,16.58,3,427,19,3,104,16.52,16.51,16.5,16.49,16.48,182,405,300,308,128,0
2007-01-15 9:33:45,16.52,96,158796,16.55,16.56,16.57,16.58,16.59,379,19,3,105,3,16.52,16.51,16.5,16.49,16.48,228,405,667,300,122,0
2007-01-15 9:33:51,16.52,110,181720,16.55,16.56,16.57,16.58,16.59,379,19,3,55,3,16.52,16.51,16.5,16.49,16.48,153,405,670,300,122,0
2007-01-15 9:33:54,16.55,25,41375,16.55,16.56,16.57,16.58,16.59,354,19,3,55,3,16.52,16.51,16.5,16.49,16.48,173,405,671,300,122,1
2007-01-15 9:34:0,16.52,241,398408,16.54,16.55,16.56,16.57,16.58,1,282,19,3,55,16.52,16.51,16.5,16.49,16.48,39,354,532,300,122,0
2007-01-15 9:34:5,16.55,153,253536,16.55,16.56,16.57,16.58,16.59,139,19,303,55,3,16.54,16.53,16.52,16.51,16.5,143,11,39,354,542,1
2007-01-15 9:34:11,16.55,814,1349420,16.6,16.61,16.62,16.63,16.64,254,3,3,8,13,16.55,16.54,16.53,16.52,16.51,29,200,31,74,354,0
2007-01-15 9:34:15,16.6,8,13280,16.6,16.61,16.62,16.63,16.64,246,3,3,8,13,16.55,16.54,16.53,16.52,16.51,132,200,31,74,354,1
2007-01-15 9:34:21,16.58,73,121134,16.59,16.6,16.61,16.62,16.63,20,80,3,3,8,16.58,16.55,16.54,16.53,16.52,16,312,200,31,71,0
2007-01-15 9:34:25,16.58,5,8290,16.59,16.6,16.61,16.62,16.63,20,80,3,3,8,16.58,16.55,16.54,16.53,16.52,11,588,202,91,71,0
2007-01-15 9:34:31,16.6,250,414378,16.61,16.62,16.63,16.64,16.65,3,3,8,13,22,16.6,16.58,16.55,16.54,16.53,271,11,1124,352,91,0
2007-01-15 9:34:37,16.61,73,121184,16.62,16.63,16.64,16.65,16.66,3,8,13,22,17,16.6,16.58,16.55,16.54,16.53,308,11,1166,352,91,0
2007-01-15 9:34:41,16.62,199,330346,16.63,16.64,16.65,16.66,16.67,8,13,22,17,163,16.62,16.6,16.58,16.56,16.55,7,207,21,12,1545,0
2007-01-15 9:34:45,16.6,20,33214,16.63,16.64,16.65,16.66,16.67,8,3,26,18,163,16.6,16.59,16.58,16.56,16.55,233,18,127,12,1555,0
2007-01-15 9:34:52,16.6,43,71426,16.65,16.66,16.67,16.68,16.69,24,18,163,68,513,16.6,16.59,16.58,16.56,16.55,207,19,127,12,1421,0
2007-01-15 9:34:55,16.61,170,282220,16.65,16.66,16.67,16.68,16.69,24,18,163,68,513,16.6,16.59,16.58,16.56,16.55,50,19,116,12,1367,0
2007-01-15 9:35:1,16.62,217,361276,16.65,16.66,16.67,16.68,16.69,4,28,163,68,513,16.62,16.61,16.6,16.59,16.58,181,12,64,4,116,0
2007-01-15 9:35:4,16.65,184,304994,16.66,16.67,16.68,16.69,16.7,28,163,68,517,499,16.65,16.63,16.62,16.61,16.6,6,55,7,12,114,0
2007-01-15 9:35:13,16.64,311,517942,16.64,16.65,16.66,16.68,16.69,7,393,1,56,519,16.62,16.61,16.6,16.59,16.58,184,17,186,4,113,1
2007-01-15 9:35:15,16.65,130,216278,16.65,16.66,16.68,16.69,16.7,328,1,36,519,499,16.62,16.61,16.6,16.59,16.58,134,32,186,4,113,1
2007-01-15 9:35:21,16.62,290,482506,16.64,16.65,16.66,16.68,16.69,27,326,1,36,519,16.62,16.61,16.6,16.59,16.58,44,156,242,4,113,0
2007-01-15 9:35:25,16.62,55,91534,16.65,16.66,16.68,16.69,16.7,347,7,36,519,501,16.62,16.61,16.6,16.59,16.58,158,156,242,4,113,0
2007-01-15 9:35:31,16.65,237,393896,16.64,16.65,16.66,16.68,16.69,2,343,7,36,519,16.61,16.6,16.59,16.58,16.56,102,242,4,113,102,0
2007-01-15 9:35:35,16.64,571,950072,16.63,16.64,16.68,16.69,16.7,3,11,83,519,501,16.6,16.59,16.58,16.56,16.55,242,4,113,90,1264,0
2007-01-15 9:35:42,16.66,183,304100,16.62,16.65,16.68,16.69,16.7,4,5,86,519,493,16.61,16.6,16.59,16.58,16.56,176,119,4,113,95,0
2007-01-15 9:35:44,16.6,328,543918,16.6,16.64,16.65,16.68,16.69,322,75,22,96,519,16.59,16.58,16.56,16.55,16.54,4,113,95,1250,205,1
2007-01-15 9:35:51,16.6,379,628944,16.6,16.62,16.64,16.65,16.67,43,30,75,45,6,16.58,16.56,16.55,16.54,16.53,17,95,1150,205,123,1
2007-01-15 9:35:54,16.62,267,443196,16.62,16.64,16.65,16.67,16.68,25,80,47,6,296,16.6,16.55,16.54,16.53,16.52,4,1062,205,123,154,1
2007-01-15 9:36:2,16.62,362,601628,16.65,16.67,16.68,16.69,16.7,48,6,406,519,538,16.62,16.6,16.55,16.54,16.53,5,2,1049,205,123,0
2007-01-15 9:36:5,16.6,445,738714,16.59,16.6,16.65,16.67,16.68,1,159,48,6,428,16.55,16.54,16.53,16.52,16.51,1039,205,123,154,314,0
2007-01-15 9:36:12,16.55,803,1329380,16.58,16.59,16.6,16.62,16.65,244,120,242,10,110,16.55,16.54,16.53,16.52,16.51,325,205,123,148,314,0
2007-01-15 9:36:16,16.58,98,162484,16.58,16.59,16.6,16.61,16.62,205,128,243,4,10,16.56,16.55,16.54,16.53,16.52,600,325,205,123,148,1
2007-01-15 9:36:24,16.56,267,442526,16.57,16.58,16.59,16.6,16.61,390,23,130,253,4,16.56,16.55,16.54,16.53,16.52,525,6,205,123,148,0
2007-01-15 9:36:31,16.56,97,160638,16.57,16.58,16.59,16.6,16.61,384,23,130,324,4,16.56,16.55,16.54,16.53,16.52,452,16,205,123,148,0
2007-01-15 9:36:35,16.58,530,878322,16.59,16.6,16.61,16.62,16.63,132,408,4,18,31,16.58,16.56,16.55,16.54,16.53,154,435,16,205,123,0
2007-01-15 9:36:41,16.56,193,319936,16.59,16.6,16.61,16.62,16.63,82,431,4,27,31,16.56,16.55,16.54,16.53,16.52,416,16,205,123,148,0
2007-01-15 9:36:47,16.6,525,871126,16.6,16.61,16.62,16.63,16.65,223,4,27,31,225,16.59,16.58,16.57,16.56,16.55,352,42,2,416,16,1
2007-01-15 9:36:50,16.6,356,590602,16.6,16.61,16.62,16.63,16.65,202,4,27,31,225,16.58,16.57,16.56,16.55,16.54,39,8,976,16,205,1
2007-01-15 9:36:55,16.56,126,208752,16.58,16.59,16.6,16.61,16.62,73,13,688,304,27,16.56,16.55,16.54,16.53,16.52,906,16,205,123,124,0
2007-01-15 9:37:2,16.56,20,33136,16.58,16.59,16.6,16.61,16.62,266,17,731,304,27,16.56,16.55,16.54,16.53,16.52,904,115,205,123,124,0
2007-01-15 9:37:4,16.56,22,36432,16.58,16.59,16.6,16.61,16.62,271,47,759,304,27,16.56,16.55,16.54,16.53,16.52,892,115,205,123,124,0
2007-01-15 9:37:11,16.6,373,618510,16.6,16.61,16.62,16.63,16.64,754,304,27,31,4,16.58,16.57,16.56,16.55,16.54,4,20,896,115,205,1
2007-01-15 9:37:14,16.57,107,177732,16.59,16.6,16.61,16.62,16.63,15,867,304,27,31,16.57,16.56,16.55,16.54,16.53,2,883,120,205,123,0
2007-01-15 9:37:21,16.58,107,177202,16.59,16.6,16.61,16.62,16.63,15,870,304,27,31,16.58,16.56,16.55,16.54,16.53,13,800,120,205,123,0
2007-01-15 9:37:24,16.56,177,293278,16.58,16.6,16.61,16.62,16.63,81,930,304,27,31,16.56,16.55,16.54,16.53,16.52,695,263,205,123,124,0
2007-01-15 9:37:32,16.58,2,3316,16.58,16.59,16.6,16.61,16.62,79,297,960,304,57,16.56,16.55,16.54,16.53,16.52,695,263,205,62,124,1
2007-01-15 9:37:35,16.58,134,222118,16.59,16.6,16.61,16.62,16.63,308,1018,304,57,31,16.58,16.57,16.56,16.55,16.54,8,5,693,263,205,0
2007-01-15 9:37:40,16.58,236,391502,16.59,16.6,16.61,16.62,16.63,144,1054,304,57,31,16.58,16.57,16.56,16.55,16.54,2,25,693,263,205,0
2007-01-15 9:37:44,16.58,90,149236,16.59,16.6,16.61,16.62,16.63,130,1100,304,57,31,16.58,16.57,16.56,16.55,16.54,128,54,698,263,205,0
2007-01-15 9:37:50,16.58,63,104456,16.59,16.6,16.61,16.62,16.63,129,1100,304,57,31,16.58,16.57,16.56,16.55,16.54,119,54,705,263,205,0
2007-01-15 9:37:56,16.58,170,281868,16.59,16.6,16.61,16.62,16.63,130,1100,304,57,31,16.58,16.57,16.56,16.55,16.54,54,54,705,263,205,0
2007-01-15 9:38:1,16.5,2573,4252668,16.5,16.56,16.58,16.59,16.6,158,2,251,180,1116,16.49,16.48,16.47,16.46,16.45,23,86,20,1,113,1
2007-01-15 9:38:4,16.5,87,143552,16.5,16.55,16.56,16.58,16.59,655,10,2,373,180,16.49,16.48,16.47,16.46,16.45,23,86,20,1,113,1
2007-01-15 9:38:11,16.5,40,66000,16.5,16.55,16.56,16.57,16.58,615,10,32,150,494,16.49,16.48,16.47,16.46,16.45,23,86,20,1,113,1
2007-01-15 9:38:15,16.6,1906,3155360,16.58,16.6,16.61,16.62,16.63,40,999,366,57,34,16.49,16.48,16.47,16.46,16.45,17,86,20,1,113,0
2007-01-15 9:38:22,16.49,104,172156,16.58,16.59,16.6,16.61,16.62,100,8,999,366,57,16.49,16.48,16.47,16.46,16.45,515,86,20,1,113,0
2007-01-15 9:38:24,16.49,110,181436,16.56,16.57,16.58,16.59,16.6,3,1,101,8,1012,16.49,16.48,16.47,16.46,16.45,410,86,280,1,113,0
2007-01-15 9:38:32,16.55,151,248544,16.55,16.56,16.57,16.58,16.59,34,3,1,101,8,16.5,16.49,16.48,16.47,16.46,10,291,86,280,1,1
2007-01-15 9:38:35,16.49,341,563148,16.49,16.55,16.58,16.59,16.6,51,4,124,33,944,16.48,16.47,16.46,16.45,16.42,86,280,1,419,68,1
2007-01-15 9:38:42,16.48,85,140140,16.49,16.55,16.58,16.59,16.6,7,4,150,105,946,16.48,16.47,16.46,16.45,16.42,60,280,1,419,68,0
2007-01-15 9:38:44,16.58,402,665888,16.59,16.6,16.61,16.62,16.63,95,976,304,51,34,16.58,16.48,16.47,16.46,16.45,181,48,260,1,419,0
2007-01-15 9:38:51,16.58,113,186920,16.59,16.6,16.61,16.62,16.63,95,1051,304,51,34,16.58,16.55,16.5,16.49,16.48,68,5,20,3,48,0
2007-01-15 9:38:55,16.58,26,43108,16.59,16.6,16.61,16.62,16.63,95,1274,304,51,34,16.58,16.57,16.55,16.5,16.49,103,100,14,21,33,0
2007-01-15 9:39:0,16.58,80,132640,16.59,16.6,16.61,16.62,16.63,135,1304,304,51,34,16.58,16.57,16.55,16.5,16.49,23,100,14,29,33,0
2007-01-15 9:39:4,16.57,628,1041896,16.6,16.61,16.62,16.63,16.64,998,304,51,34,4,16.57,16.55,16.5,16.49,16.48,5,14,33,63,48,0
2007-01-15 9:39:11,16.58,710,1178488,16.58,16.59,16.6,16.61,16.62,555,13,327,304,51,16.5,16.49,16.48,16.47,16.46,32,66,48,260,2,1
2007-01-15 9:39:14,16.57,902,1496132,16.57,16.58,16.59,16.6,16.61,28,7,16,1,304,16.5,16.49,16.48,16.47,16.46,26,86,48,260,2,1
2007-01-15 9:39:21,16.57,25,41392,16.57,16.58,16.59,16.6,16.61,8,77,479,18,304,16.5,16.49,16.48,16.47,16.46,21,188,48,260,2,1
2007-01-15 9:39:26,16.5,64,105848,16.57,16.58,16.59,16.6,16.61,17,114,492,38,304,16.5,16.49,16.48,16.47,16.46,19,188,58,260,11,0
2007-01-15 9:39:30,16.58,40,66288,16.55,16.57,16.58,16.59,16.6,29,120,241,31,77,16.52,16.5,16.49,16.48,16.47,2,79,188,58,260,0
2007-01-15 9:39:35,16.5,134,221556,16.5,16.55,16.57,16.58,16.59,25,24,136,249,31,16.49,16.48,16.47,16.46,16.45,188,58,260,11,399,1
2007-01-15 9:39:40,16.59,539,893084,16.58,16.59,16.6,16.61,16.62,15,4,552,307,51,16.5,16.49,16.48,16.47,16.46,690,155,58,260,11,0
2007-01-15 9:39:45,16.57,104,172184,16.57,16.58,16.59,16.6,16.61,131,13,4,574,307,16.5,16.49,16.48,16.47,16.46,668,155,58,260,11,1
2007-01-15 9:39:51,16.57,11,18184,16.57,16.58,16.59,16.6,16.61,166,16,4,610,309,16.5,16.49,16.48,16.47,16.46,888,355,58,260,11,1
2007-01-15 9:39:57,16.52,5,8252,16.52,16.56,16.57,16.58,16.59,9,100,171,136,4,16.5,16.49,16.48,16.47,16.46,918,355,64,260,11,1
2007-01-15 9:40:0,16.56,49,81092,16.55,16.56,16.57,16.58,16.59,500,63,171,204,4,16.5,16.49,16.48,16.47,16.46,930,355,64,260,11,0
2007-01-15 9:40:5,16.5,892,1476852,16.55,16.57,16.58,16.59,16.6,16,44,94,34,720,16.5,16.49,16.48,16.47,16.46,894,355,64,260,11,0
2007-01-15 9:40:11,16.5,1297,2140064,16.55,16.57,16.58,16.59,16.6,13,46,116,126,720,16.5,16.49,16.48,16.47,16.46,650,155,64,260,11,0
2007-01-15 9:40:17,16.5,120,198044,16.55,16.57,16.58,16.59,16.6,10,46,129,132,730,16.5,16.49,16.48,16.47,16.46,1328,155,64,260,11,0
2007-01-15 9:40:21,16.55,35,57820,16.55,16.57,16.58,16.59,16.6,7,156,133,210,748,16.5,16.49,16.48,16.47,16.46,1335,311,64,260,11,1
2007-01-15 9:40:25,16.55,15,24768,16.55,16.57,16.58,16.59,16.6,23,158,143,218,751,16.5,16.49,16.48,16.47,16.46,2310,311,64,1760,11,1
2007-01-15 9:40:31,16.58,382,632568,16.59,16.6,16.61,16.62,16.63,242,756,309,55,158,16.58,16.56,16.55,16.51,16.5,72,3,20,5,2310,0
2007-01-15 9:40:35,16.56,165,273384,16.59,16.6,16.61,16.62,16.63,242,756,309,55,158,16.56,16.55,16.51,16.5,16.49,0,20,5,2321,311,0
2007-01-15 9:40:42,16.51,58,96460,16.55,16.56,16.59,16.6,16.61,477,25,252,756,309,16.52,16.51,16.5,16.49,16.48,10,182,2321,311,160,0
2007-01-15 9:40:46,16.51,70,115580,16.55,16.56,16.58,16.59,16.6,678,25,31,252,755,16.52,16.51,16.5,16.49,16.48,22,122,2321,211,160,0
2007-01-15 9:40:50,16.55,2306,3805096,16.55,16.56,16.58,16.59,16.6,683,25,31,252,755,16.51,16.5,16.49,16.48,16.47,10,215,211,160,1760,1
2007-01-15 9:40:54,16.51,511,845664,16.55,16.56,16.58,16.59,16.6,183,232,37,252,866,16.51,16.5,16.49,16.48,16.47,4,1746,208,160,1760,0
2007-01-15 9:41:2,16.52,84,138696,16.51,16.52,16.55,16.56,16.57,2,154,193,242,57,16.5,16.49,16.48,16.47,16.46,1732,208,188,1780,11,0
2007-01-15 9:41:7,16.56,374,617916,16.56,16.57,16.58,16.59,16.6,235,57,477,294,910,16.55,16.52,16.5,16.49,16.48,624,200,1782,208,188,1
2007-01-15 9:41:10,16.55,199,329344,16.56,16.57,16.58,16.59,16.6,235,57,487,304,932,16.55,16.52,16.51,16.5,16.49,425,200,550,1794,208,0
2007-01-15 9:41:18,16.55,101,167340,16.56,16.57,16.58,16.59,16.6,233,58,487,314,932,16.55,16.52,16.51,16.5,16.49,336,203,560,1846,208,0
2007-01-15 9:41:20,16.55,330,545652,16.57,16.58,16.59,16.6,16.61,14,796,464,987,318,16.56,16.55,16.52,16.51,16.5,15,304,203,570,1846,0
2007-01-15 9:41:25,16.55,805,1331468,16.55,16.57,16.58,16.59,16.6,235,14,821,464,997,16.51,16.5,16.49,16.48,16.47,477,1846,208,188,780,1
2007-01-15 9:41:32,16.55,248,410440,16.56,16.57,16.58,16.59,16.6,5,314,821,464,997,16.55,16.51,16.5,16.49,16.48,306,477,1856,208,188,0
2007-01-15 9:41:34,16.55,23,38088,16.56,16.57,16.58,16.59,16.6,1,304,821,464,1016,16.55,16.51,16.5,16.49,16.48,298,477,2856,208,188,0
2007-01-15 9:41:41,16.56,38,62904,16.57,16.58,16.59,16.6,16.61,397,848,464,1006,318,16.56,16.55,16.51,16.5,16.49,286,274,482,2856,208,0
2007-01-15 9:41:45,16.6,2993,4965408,16.61,16.62,16.63,16.64,16.65,318,60,158,4,455,16.6,16.56,16.55,16.52,16.51,1217,276,274,271,484,0
2007-01-15 9:41:50,16.6,1029,1708144,16.61,16.62,16.63,16.64,16.65,318,60,158,4,455,16.6,16.57,16.56,16.55,16.52,188,10,287,274,271,0
2007-01-15 9:41:54,16.56,2215,3660944,16.56,16.6,16.61,16.62,16.63,637,13,318,60,158,16.5,16.49,16.48,16.47,16.46,2190,198,208,780,11,1
2007-01-15 9:42:0,16.55,60,99272,16.55,16.56,16.59,16.6,16.61,1008,679,20,28,318,16.5,16.49,16.48,16.47,16.46,2180,198,208,780,11,1
2007-01-15 9:42:4,16.55,529,875496,16.55,16.56,16.59,16.6,16.61,479,328,20,28,323,16.51,16.5,16.49,16.48,16.47,1,2180,201,208,780,1
2007-01-15 9:42:11,16.55,5,8272,16.55,16.56,16.59,16.6,16.61,623,328,20,30,323,16.51,16.5,16.49,16.48,16.47,13,2180,201,208,780,1
2007-01-15 9:42:14,16.61,1519,2517232,16.6,16.62,16.63,16.64,16.65,8,39,154,4,458,16.52,16.51,16.5,16.49,16.48,60,17,2680,201,208,0
2007-01-15 9:42:23,16.58,2258,3728968,16.58,16.6,16.62,16.63,16.64,2,674,39,154,4,16.5,16.49,16.48,16.47,16.46,1032,201,208,790,11,1
2007-01-15 9:42:25,16.56,67,110816,16.58,16.6,16.62,16.63,16.64,2,704,39,154,4,16.56,16.51,16.5,16.49,16.48,17,53,1036,201,208,0
2007-01-15 9:42:33,16.5,125,205848,16.58,16.6,16.62,16.63,16.64,2,759,39,154,4,16.52,16.5,16.49,16.48,16.47,29,1000,201,208,790,0
2007-01-15 9:42:36,16.56,43,71288,16.6,16.62,16.63,16.64,16.65,762,39,154,4,487,16.56,16.55,16.52,16.5,16.49,157,330,29,2520,201,0
2007-01-15 9:42:40,16.6,342,567688,16.6,16.62,16.63,16.64,16.65,390,39,154,4,487,16.57,16.56,16.55,16.52,16.51,5,149,1830,37,502,1
2007-01-15 9:42:45,16.58,7,11616,16.6,16.62,16.63,16.64,16.65,425,39,154,4,487,16.58,16.57,16.56,16.55,16.52,435,5,149,1830,537,0
2007-01-15 9:42:51,16.55,793,1313880,16.6,16.62,16.63,16.64,16.65,425,39,154,4,497,16.55,16.52,16.51,16.5,16.49,1626,542,512,2549,201,0
2007-01-15 9:42:55,16.56,129,213872,16.59,16.6,16.62,16.63,16.64,342,450,39,154,4,16.56,16.55,16.52,16.51,16.5,290,1626,542,515,2700,0
2007-01-15 9:43:3,16.58,20,32320,16.59,16.6,16.62,16.63,16.64,342,588,39,154,24,16.58,16.56,16.55,16.52,16.51,4,286,1626,542,525,0
2007-01-15 9:43:4,16.6,974,1616368,16.6,16.62,16.63,16.64,16.65,77,39,154,24,500,16.58,16.56,16.55,16.52,16.51,24,256,1628,542,525,1
2007-01-15 9:43:12,16.58,97,160896,16.58,16.6,16.62,16.63,16.64,8,827,39,154,24,16.56,16.55,16.52,16.51,16.5,238,1628,542,525,2708,1
2007-01-15 9:43:15,16.6,83,138528,16.57,16.6,16.62,16.63,16.64,145,771,44,154,24,16.56,16.55,16.52,16.51,16.5,227,1628,542,525,2709,0
2007-01-15 9:43:21,16.6,215,356432,16.6,16.62,16.63,16.64,16.65,731,44,154,24,502,16.59,16.56,16.55,16.52,16.51,125,230,1634,542,525,1
2007-01-15 9:43:27,16.6,17,28216,16.6,16.62,16.63,16.64,16.65,778,44,154,24,503,16.59,16.56,16.55,16.52,16.51,242,230,1634,538,525,1
2007-01-15 9:43:31,16.6,875,1452352,16.62,16.63,16.64,16.65,16.66,44,154,29,503,70,16.6,16.59,16.58,16.56,16.55,1821,239,5,230,1634,0
2007-01-15 9:43:35,16.6,303,502976,16.62,16.63,16.64,16.65,16.66,44,154,29,513,70,16.6,16.59,16.58,16.57,16.56,2021,243,5,10,231,0
2007-01-15 9:43:41,16.6,560,931280,16.64,16.65,16.66,16.67,16.68,45,311,70,30,447,16.6,16.59,16.58,16.57,16.56,2129,243,5,10,261,0
2007-01-15 9:43:45,16.6,83,137784,16.62,16.64,16.65,16.66,16.67,115,45,333,70,30,16.6,16.59,16.58,16.57,16.56,2046,243,8,10,261,0
2007-01-15 9:43:53,16.62,89,147752,16.62,16.64,16.65,16.66,16.67,116,45,333,70,30,16.61,16.6,16.59,16.58,16.57,8,2462,243,8,10,1
2007-01-15 9:43:54,16.62,116,192792,16.64,16.65,16.66,16.67,16.68,45,333,74,30,412,16.63,16.61,16.6,16.59,16.58,266,8,2624,243,8,0
2007-01-15 9:44:0,16.63,48,79824,16.64,16.65,16.66,16.67,16.68,45,333,74,30,415,16.63,16.61,16.6,16.59,16.58,218,35,2814,243,32,0
2007-01-15 9:44:6,16.61,289,480528,16.62,16.64,16.65,16.66,16.67,194,32,332,74,30,16.61,16.6,16.59,16.58,16.57,38,3317,243,27,105,0
2007-01-15 9:44:10,16.6,1272,2111568,16.62,16.64,16.65,16.66,16.67,189,32,332,74,430,16.6,16.59,16.58,16.57,16.56,1909,243,27,105,261,0
2007-01-15 9:44:15,16.64,830,1381424,16.66,16.67,16.68,16.69,16.7,5,343,412,139,673,16.64,16.63,16.62,16.61,16.6,441,275,40,59,1865,0
2007-01-15 9:44:21,16.65,56,93240,16.66,16.67,16.68,16.69,16.7,2,343,412,139,673,16.65,16.64,16.63,16.62,16.61,10,438,276,730,59,0
2007-01-15 9:44:25,16.64,36,59912,16.66,16.67,16.68,16.69,16.7,2,343,412,139,673,16.64,16.63,16.62,16.61,16.6,531,276,773,71,2055,0
2007-01-15 9:44:31,16.64,17,28304,16.67,16.68,16.69,16.7,16.71,341,396,139,673,15,16.64,16.63,16.62,16.61,16.6,537,279,840,71,2070,0
2007-01-15 9:44:34,16.7,2088,3482048,16.71,16.72,16.73,16.74,16.75,15,25,16,5,188,16.7,16.63,16.62,16.61,16.6,2455,276,839,71,2312,0
2007-01-15 9:44:41,16.7,745,1244152,16.71,16.72,16.73,16.74,16.75,13,25,16,5,188,16.7,16.66,16.65,16.63,16.62,2230,7,500,276,839,0
2007-01-15 9:44:45,16.7,190,317232,16.74,16.75,16.76,16.77,16.78,4,188,3,97,44,16.7,16.66,16.65,16.64,16.63,2095,128,506,10,273,0
2007-01-15 9:44:51,16.7,8,13360,16.74,16.75,16.76,16.77,16.78,4,188,3,97,44,16.7,16.67,16.66,16.65,16.64,4282,8,128,506,10,0
2007-01-15 9:44:54,16.75,61,101920,16.74,16.75,16.76,16.77,16.78,9,182,3,97,24,16.71,16.7,16.67,16.66,16.65,15,4283,8,243,518,0
2007-01-15 9:45:0,16.74,65,108768,16.75,16.76,16.77,16.78,16.79,152,3,97,24,13,16.74,16.71,16.7,16.67,16.66,6,91,4305,20,243,0
2007-01-15 9:45:5,16.7,1055,1767032,16.71,16.78,16.8,16.81,16.82,3,2,518,3,20,16.7,16.67,16.66,16.65,16.64,4238,20,243,522,10,0
2007-01-15 9:45:11,16.75,39,65152,16.78,16.8,16.81,16.82,16.83,2,504,3,20,317,16.75,16.74,16.7,16.67,16.66,498,247,4017,20,237,0
2007-01-15 9:45:15,16.75,159,266344,16.78,16.8,16.81,16.82,16.83,7,504,3,20,317,16.75,16.74,16.72,16.7,16.67,387,261,10,4017,20,0
2007-01-15 9:45:23,16.75,44,73696,16.77,16.78,16.79,16.8,16.81,3,7,5,494,3,16.75,16.74,16.72,16.71,16.7,345,274,10,7,4017,0
2007-01-15 9:45:26,16.75,1670,2804960,16.81,16.82,16.83,16.84,16.85,3,20,317,9,121,16.75,16.74,16.72,16.71,16.7,62,272,10,42,4037,0
2007-01-15 9:45:32,16.8,31,52080,16.81,16.82,16.83,16.84,16.85,3,20,317,9,133,16.8,16.78,16.75,16.74,16.72,296,12,116,482,10,0
2007-01-15 9:45:34,16.8,69,115920,16.81,16.82,16.83,16.84,16.85,2,20,317,9,133,16.8,16.79,16.78,16.77,16.75,254,34,54,36,118,0
2007-01-15 9:45:42,16.8,47,78968,16.82,16.83,16.84,16.85,16.86,20,317,9,135,88,16.8,16.79,16.78,16.77,16.75,427,34,70,36,118,0
2007-01-15 9:45:45,16.83,171,287744,16.83,16.84,16.85,16.86,16.87,177,59,135,88,24,16.8,16.79,16.78,16.77,16.75,524,34,65,37,138,1
2007-01-15 9:45:53,16.81,184,309136,16.81,16.83,16.84,16.85,16.86,4,177,59,375,88,16.8,16.79,16.78,16.77,16.75,451,4,65,37,142,1
2007-01-15 9:45:56,16.82,609,1023216,16.82,16.83,16.84,16.85,16.86,107,377,59,375,88,16.81,16.79,16.78,16.77,16.75,100,2,59,37,130,1
2007-01-15 9:46:3,16.82,109,183312,16.82,16.83,16.84,16.85,16.86,31,377,59,375,88,16.81,16.8,16.79,16.78,16.77,88,26,2,59,31,1
2007-01-15 9:46:4,16.82,138,232752,16.82,16.83,16.84,16.85,16.86,497,335,59,375,88,16.81,16.8,16.79,16.78,16.77,72,1284,2,51,31,1
2007-01-15 9:46:13,16.83,570,958728,16.83,16.84,16.85,16.86,16.87,314,55,410,88,24,16.81,16.8,16.79,16.78,16.77,49,1284,2,66,31,1
2007-01-15 9:46:15,16.81,310,521336,16.83,16.84,16.85,16.86,16.87,202,65,460,88,24,16.82,16.81,16.8,16.79,16.78,20,31,1227,2,66,0
2007-01-15 9:46:22,16.82,90,151320,16.81,16.83,16.84,16.85,16.86,6,252,65,634,88,16.8,16.79,16.78,16.77,16.76,1227,2,66,31,10,0
2007-01-15 9:46:25,16.83,388,652736,16.83,16.84,16.85,16.86,16.87,18,49,714,93,24,16.82,16.8,16.79,16.78,16.77,278,1145,2,36,31,1
2007-01-15 9:46:33,16.82,280,470424,16.84,16.85,16.86,16.87,16.88,36,716,93,24,220,16.82,16.81,16.8,16.79,16.78,96,11,1145,4,25,0
2007-01-15 9:46:36,16.8,189,318472,16.81,16.82,16.83,16.84,16.85,137,326,5,36,716,16.8,16.79,16.78,16.77,16.76,1146,4,25,31,10,0
2007-01-15 9:46:44,16.82,144,242072,16.82,16.83,16.84,16.85,16.86,423,116,48,716,93,16.8,16.79,16.78,16.77,16.76,1146,4,25,31,10,1
2007-01-15 9:46:45,16.83,713,1200280,16.84,16.85,16.86,16.87,16.88,59,732,93,24,220,16.83,16.8,16.79,16.78,16.77,128,2011,4,20,1,0
2007-01-15 9:46:51,16.85,804,1354384,16.85,16.86,16.87,16.88,16.89,165,93,24,223,35,16.83,16.8,16.79,16.78,16.77,1,2011,4,20,1,1
2007-01-15 9:46:54,16.83,1546,2597424,16.84,16.85,16.86,16.87,16.88,20,168,93,24,223,16.83,16.8,16.79,16.78,16.77,10,512,4,20,1,0
2007-01-15 9:47:2,16.83,659,1107672,16.84,16.85,16.86,16.87,16.88,23,180,93,24,223,16.83,16.8,16.79,16.78,16.77,72,324,4,21,1,0
2007-01-15 9:47:4,16.83,148,249072,16.83,16.84,16.85,16.86,16.87,15,25,200,93,24,16.8,16.79,16.78,16.77,16.75,319,4,21,1,62,1
2007-01-15 9:47:11,16.84,219,368784,16.85,16.86,16.87,16.88,16.89,168,93,39,232,35,16.84,16.83,16.82,16.8,16.79,21,20,1,309,4,0
2007-01-15 9:47:15,16.82,266,448192,16.82,16.83,16.84,16.85,16.86,9,4,10,2,39,16.8,16.79,16.78,16.77,16.75,309,4,21,1,62,1
2007-01-15 9:47:22,16.8,75,126048,16.82,16.83,16.84,16.85,16.86,56,315,23,20,39,16.8,16.79,16.78,16.77,16.75,260,4,21,1,62,0
2007-01-15 9:47:24,16.83,176,296008,16.82,16.83,16.84,16.85,16.86,30,274,28,25,39,16.8,16.79,16.78,16.77,16.75,219,4,21,1,62,0
2007-01-15 9:47:31,16.83,1267,2122176,16.83,16.84,16.85,16.86,16.87,148,57,40,39,47,16.82,16.7,16.68,16.67,16.66,60,2949,59,2,231,1
2007-01-15 9:47:35,16.81,204,343224,16.82,16.83,16.84,16.85,16.86,2,67,77,90,39,16.81,16.8,16.77,16.7,16.68,5,4,50,2949,59,0
2007-01-15 9:47:43,16.83,67,112672,16.83,16.84,16.85,16.86,16.87,71,82,95,69,97,16.81,16.77,16.7,16.68,16.67,2,50,2949,59,2,1
2007-01-15 9:47:44,16.7,1149,1919568,16.8,16.82,16.83,16.84,16.85,187,46,717,82,266,16.7,16.68,16.67,16.66,16.65,1887,59,2,231,41,0
2007-01-15 9:47:50,16.83,438,736104,16.83,16.84,16.85,16.86,16.87,748,82,272,69,97,16.82,16.7,16.68,16.67,16.66,9,1864,59,2,231,1
2007-01-15 9:47:54,16.8,125,210088,16.82,16.83,16.84,16.85,16.86,70,769,182,237,70,16.8,16.72,16.7,16.68,16.67,6,59,1864,59,2,0
2007-01-15 9:48:2,16.81,119,199656,16.81,16.82,16.83,16.84,16.85,13,70,772,234,240,16.8,16.72,16.7,16.68,16.67,135,29,1870,59,2,1
2007-01-15 9:48:10,16.8,182,306128,16.81,16.82,16.83,16.84,16.85,2,26,999,234,241,16.8,16.72,16.7,16.68,16.67,111,32,1870,59,2,0
2007-01-15 9:48:12,16.8,296,498136,16.82,16.83,16.84,16.85,16.86,101,1103,234,336,102,16.8,16.72,16.7,16.68,16.67,1290,32,1870,59,2,0
2007-01-15 9:48:14,16.8,256,430080,16.81,16.82,16.83,16.84,16.85,86,141,1115,254,339,16.8,16.72,16.71,16.7,16.68,1050,32,1,1860,62,0
2007-01-15 9:48:21,16.8,512,860496,16.81,16.82,16.83,16.84,16.85,10,19,1169,254,339,16.8,16.72,16.71,16.7,16.68,770,37,258,1860,62,0
2007-01-15 9:48:24,16.8,477,801432,16.81,16.82,16.83,16.84,16.85,3,98,1209,254,339,16.8,16.75,16.72,16.71,16.7,368,300,37,270,1864,0
2007-01-15 9:48:33,16.8,422,708152,16.8,16.82,16.83,16.84,16.85,357,156,1244,254,361,16.75,16.73,16.72,16.71,16.7,296,35,37,270,1864,1
2007-01-15 9:48:34,16.8,26,43664,16.8,16.81,16.82,16.83,16.84,646,5,203,1312,254,16.75,16.73,16.72,16.71,16.7,296,35,39,270,1864,1
2007-01-15 9:48:40,16.75,158,265440,16.8,16.81,16.82,16.83,16.84,755,7,275,1312,254,16.75,16.73,16.72,16.71,16.7,295,35,129,270,1870,0
2007-01-15 9:48:45,16.75,45,75464,16.78,16.8,16.81,16.82,16.83,10,872,40,310,1322,16.75,16.73,16.72,16.71,16.7,268,35,129,270,1870,0
2007-01-15 9:48:51,16.78,2,3352,16.78,16.8,16.81,16.82,16.83,28,962,67,423,1322,16.76,16.75,16.73,16.72,16.71,2,268,35,129,270,1
2007-01-15 9:48:54,16.78,28,46952,16.78,16.79,16.8,16.81,16.82,11,19,1075,277,483,16.75,16.73,16.72,16.71,16.7,259,35,129,271,1875,1
2007-01-15 9:49:1,16.75,20,33504,16.78,16.79,16.8,16.81,16.82,31,21,1117,277,585,16.75,16.73,16.72,16.71,16.7,242,35,129,271,1885,0
2007-01-15 9:49:4,16.79,278,466816,16.79,16.8,16.81,16.82,16.83,187,972,277,583,1134,16.75,16.73,16.72,16.71,16.7,217,35,187,271,1885,1
2007-01-15 9:49:10,16.75,202,338416,16.78,16.79,16.8,16.81,16.82,19,197,1077,277,630,16.75,16.73,16.72,16.71,16.7,36,35,187,271,1890,0
2007-01-15 9:49:15,16.75,38,63656,16.75,16.78,16.79,16.8,16.81,320,37,277,1104,277,16.73,16.72,16.71,16.7,16.68,35,187,271,1890,63,1
2007-01-15 9:49:21,16.75,641,1072320,16.75,16.77,16.78,16.79,16.8,109,15,37,324,1137,16.71,16.7,16.68,16.67,16.66,91,1890,63,6,235,1
2007-01-15 9:49:25,16.7,316,529120,16.78,16.79,16.8,16.81,16.82,236,328,1182,289,625,16.7,16.68,16.67,16.66,16.65,1881,63,6,235,51,0
2007-01-15 9:49:31,16.73,382,641056,16.73,16.75,16.79,16.8,16.81,17,5,198,1199,256,16.7,16.68,16.67,16.66,16.65,1891,63,6,235,51,1
2007-01-15 9:49:34,16.73,58,97112,16.75,16.78,16.79,16.8,16.81,73,2,663,1324,256,16.73,16.7,16.68,16.67,16.66,81,1892,63,6,235,0
2007-01-15 9:49:40,16.75,82,137240,16.75,16.77,16.78,16.79,16.8,67,15,12,663,1336,16.73,16.72,16.7,16.68,16.67,29,3,1892,63,6,1
2007-01-15 9:49:44,16.71,92,153760,16.73,16.75,16.77,16.78,16.79,10,74,17,22,668,16.71,16.7,16.68,16.67,16.66,480,1852,62,6,235,0
2007-01-15 9:49:52,16.73,35,58552,16.75,16.77,16.78,16.79,16.8,82,17,22,668,1456,16.73,16.71,16.7,16.68,16.67,93,480,1862,62,6,0
2007-01-15 9:49:55,16.73,530,888968,16.75,16.78,16.79,16.8,16.81,63,50,347,1437,256,16.73,16.71,16.7,16.68,16.67,9,488,1847,62,6,0
2007-01-15 9:50:1,16.73,20,33464,16.73,16.75,16.78,16.79,16.8,45,81,54,352,1422,16.72,16.71,16.7,16.68,16.67,61,490,1877,62,6,1
2007-01-15 9:50:5,16.72,12,20072,16.73,16.75,16.78,16.79,16.8,82,146,54,362,1400,16.72,16.71,16.7,16.68,16.67,57,490,1877,62,6,0
2007-01-15 9:50:10,16.73,77,128744,16.73,16.75,16.78,16.79,16.8,74,196,110,365,1440,16.71,16.7,16.68,16.67,16.66,480,1877,62,6,235,1
2007-01-15 9:50:16,16.73,146,243424,16.75,16.78,16.79,16.8,16.81,212,115,365,1417,36,16.73,16.71,16.7,16.68,16.67,223,578,1877,62,6,0
2007-01-15 9:50:22,16.72,276,461696,16.75,16.78,16.79,16.8,16.81,321,175,375,1391,36,16.72,16.71,16.7,16.68,16.67,58,584,1900,62,6,0
2007-01-15 9:50:26,16.71,88,147136,16.72,16.73,16.75,16.78,16.79,193,8,315,175,377,16.71,16.7,16.68,16.67,16.66,564,1877,62,6,235,0
2007-01-15 9:50:32,16.71,545,910112,16.72,16.73,16.75,16.78,16.79,201,11,315,175,377,16.71,16.7,16.68,16.67,16.66,20,1877,82,6,235,0
2007-01-15 9:50:36,16.7,188,314304,16.72,16.73,16.74,16.75,16.78,99,64,28,315,180,16.7,16.68,16.67,16.66,16.65,1870,82,6,235,243,0
2007-01-15 9:50:41,16.7,0,0,16.72,16.73,16.74,16.75,16.78,117,84,48,315,180,16.7,16.68,16.67,16.66,16.65,1870,82,6,235,243,0
2007-01-15 9:50:45,16.7,64,106960,16.71,16.72,16.73,16.74,16.75,1,87,207,48,315,16.7,16.68,16.67,16.66,16.65,1865,82,6,235,243,0
2007-01-15 9:50:51,16.73,383,640416,16.73,16.74,16.75,16.78,16.79,17,48,315,180,377,16.7,16.68,16.67,16.66,16.65,1822,82,6,235,243,1
2007-01-15 9:50:55,16.7,82,136952,16.71,16.73,16.74,16.75,16.78,13,17,48,305,180,16.7,16.68,16.67,16.66,16.65,1767,82,6,235,243,0
2007-01-15 9:51:0,16.7,71,118576,16.71,16.72,16.73,16.74,16.75,12,20,17,48,355,16.7,16.68,16.67,16.66,16.65,1697,82,6,235,243,0
2007-01-15 9:51:5,16.7,306,510192,16.71,16.72,16.73,16.74,16.75,21,20,17,48,355,16.7,16.68,16.67,16.66,16.65,1403,82,6,126,243,0
2007-01-15 9:51:11,16.7,66,110224,16.71,16.72,16.73,16.74,16.75,21,27,67,50,355,16.7,16.68,16.67,16.66,16.65,1338,82,6,126,243,0
2007-01-15 9:51:14,16.71,45,75152,16.71,16.72,16.73,16.74,16.75,11,37,109,50,360,16.7,16.68,16.67,16.66,16.65,1607,82,6,126,243,1
2007-01-15 9:51:21,16.7,781,1304272,16.71,16.72,16.73,16.74,16.75,11,37,109,50,360,16.7,16.68,16.67,16.66,16.65,856,82,6,126,243,0
2007-01-15 9:51:26,16.72,291,486064,16.73,16.74,16.75,16.78,16.79,109,50,362,531,767,16.72,16.71,16.7,16.68,16.67,63,1,627,82,6,0
2007-01-15 9:51:32,16.7,144,239840,16.72,16.73,16.74,16.75,16.78,17,109,50,352,536,16.7,16.68,16.67,16.66,16.65,626,82,6,126,248,0
2007-01-15 9:51:36,16.71,328,548016,16.72,16.73,16.74,16.75,16.78,17,109,50,351,536,16.71,16.7,16.68,16.67,16.66,499,491,82,6,126,0
2007-01-15 9:51:41,16.71,92,153728,16.72,16.73,16.74,16.75,16.78,32,109,50,351,536,16.71,16.7,16.68,16.67,16.66,410,497,82,6,126,0
2007-01-15 9:51:44,16.71,681,1139456,16.75,16.78,16.79,16.8,16.81,148,536,767,1481,28,16.71,16.7,16.68,16.67,16.66,282,497,82,6,126,0
2007-01-15 9:51:50,16.71,52,86896,16.75,16.78,16.79,16.8,16.81,148,536,767,1477,28,16.71,16.7,16.68,16.67,16.66,274,542,82,6,126,0
2007-01-15 9:51:54,16.7,980,1637360,16.7,16.71,16.72,16.73,16.75,178,63,15,10,148,16.67,16.66,16.65,16.64,16.63,6,126,248,23,273,1
2007-01-15 9:52:1,16.7,93,155312,16.7,16.71,16.72,16.73,16.75,95,63,515,10,148,16.67,16.66,16.65,16.64,16.63,6,126,248,23,273,1
2007-01-15 9:52:3,16.7,20,33408,16.69,16.7,16.71,16.72,16.73,15,83,64,515,10,16.67,16.66,16.65,16.64,16.63,6,126,236,23,273,0
2007-01-15 9:52:11,16.71,147,245504,16.7,16.71,16.72,16.73,16.75,20,76,515,15,180,16.67,16.66,16.65,16.64,16.63,6,4,236,23,273,0
2007-01-15 9:52:14,16.7,52,86832,16.7,16.71,16.72,16.73,16.75,3,256,515,15,180,16.67,16.66,16.65,16.64,16.63,6,4,236,23,273,1
2007-01-15 9:52:21,16.71,104,173776,16.7,16.71,16.72,16.73,16.75,28,167,517,15,180,16.67,16.66,16.65,16.64,16.63,7,4,236,23,273,0
2007-01-15 9:52:25,16.7,92,153632,16.71,16.72,16.73,16.75,16.78,167,517,25,199,538,16.7,16.67,16.66,16.65,16.64,427,8,4,236,23,0
2007-01-15 9:52:33,16.7,179,299808,16.71,16.72,16.73,16.75,16.78,155,527,25,199,538,16.7,16.67,16.66,16.65,16.64,361,8,24,236,23,0
2007-01-15 9:52:37,16.7,319,532720,16.71,16.72,16.73,16.75,16.78,155,537,25,231,538,16.7,16.67,16.66,16.65,16.64,42,8,24,236,23,0
2007-01-15 9:52:42,16.7,42,69392,16.7,16.71,16.72,16.73,16.75,33,202,537,25,231,16.67,16.66,16.65,16.64,16.63,8,24,236,23,273,1
2007-01-15 9:52:44,16.7,61,101776,16.7,16.71,16.72,16.73,16.75,83,402,543,25,232,16.66,16.65,16.64,16.63,16.62,24,236,23,273,686,1
2007-01-15 9:52:51,16.7,1051,1755792,16.71,16.72,16.73,16.75,16.78,398,543,25,232,538,16.7,16.67,16.66,16.65,16.64,1813,81,24,236,23,0
2007-01-15 9:52:56,16.7,135,225472,16.71,16.72,16.73,16.75,16.78,378,543,25,232,538,16.7,16.67,16.66,16.65,16.64,1799,81,24,236,23,0
2007-01-15 9:53:2,16.7,52,86848,16.71,16.72,16.73,16.75,16.78,368,556,25,258,538,16.7,16.67,16.66,16.65,16.64,1775,81,24,236,23,0
2007-01-15 9:53:5,16.7,164,273872,16.71,16.72,16.73,16.75,16.78,368,556,25,258,538,16.7,16.67,16.66,16.65,16.64,1622,81,24,236,23,0
2007-01-15 9:53:10,16.7,297,496000,16.71,16.72,16.73,16.75,16.78,368,556,25,259,548,16.7,16.67,16.66,16.65,16.64,1399,81,24,236,23,0
2007-01-15 9:53:15,16.7,121,202064,16.71,16.72,16.73,16.75,16.78,373,556,25,178,548,16.7,16.67,16.66,16.65,16.64,1287,81,24,236,23,0
2007-01-15 9:53:21,16.7,143,238816,16.71,16.72,16.73,16.75,16.78,373,541,25,188,548,16.7,16.67,16.66,16.65,16.64,1144,81,24,236,23,0
2007-01-15 9:53:24,16.7,1237,2065088,16.7,16.71,16.72,16.73,16.75,142,321,541,25,188,16.67,16.66,16.65,16.64,16.63,81,24,236,23,275,1
2007-01-15 9:53:32,16.7,0,0,16.7,16.71,16.72,16.73,16.75,208,331,541,25,188,16.67,16.66,16.65,16.64,16.63,81,24,236,23,275,1
2007-01-15 9:53:35,16.71,447,746688,16.71,16.72,16.73,16.75,16.78,157,541,25,208,608,16.67,16.66,16.65,16.64,16.63,77,24,236,23,275,1
2007-01-15 9:53:41,16.7,3,5008,16.7,16.71,16.72,16.73,16.75,1176,162,541,25,213,16.67,16.66,16.65,16.64,16.63,77,24,236,23,275,1
2007-01-15 9:53:44,16.7,355,592848,16.7,16.71,16.72,16.73,16.75,1117,162,541,25,213,16.67,16.66,16.65,16.64,16.63,77,24,236,23,275,1
2007-01-15 9:53:51,16.67,72,120016,16.7,16.71,16.72,16.73,16.75,1196,162,541,25,218,16.67,16.66,16.65,16.64,16.63,5,24,236,23,275,0
2007-01-15 9:53:56,16.67,25,41680,16.69,16.7,16.71,16.72,16.73,6,1715,182,541,25,16.66,16.65,16.64,16.63,16.62,24,236,23,275,686,0
2007-01-15 9:54:2,16.65,262,436256,16.65,16.67,16.69,16.7,16.71,38,213,18,1810,187,16.64,16.63,16.62,16.61,16.6,23,275,686,32,2382,1
2007-01-15 9:54:5,16.67,351,585296,16.65,16.67,16.7,16.71,16.72,309,29,2305,207,563,16.64,16.63,16.62,16.61,16.6,23,275,686,32,2382,0
2007-01-15 9:54:12,16.65,309,514480,16.66,16.67,16.69,16.7,16.71,395,187,50,2320,287,16.65,16.64,16.63,16.62,16.61,251,23,275,686,32,0
2007-01-15 9:54:15,16.65,30,49952,16.66,16.67,16.68,16.69,16.7,417,247,15,50,2463,16.65,16.64,16.63,16.62,16.61,231,23,275,1086,42,0
2007-01-15 9:54:22,16.65,120,199808,16.66,16.67,16.68,16.69,16.7,437,447,17,93,2444,16.65,16.64,16.63,16.62,16.61,111,23,275,1086,42,0
2007-01-15 9:54:25,16.67,545,907632,16.66,16.67,16.68,16.69,16.7,50,419,17,93,2433,16.65,16.64,16.63,16.62,16.61,69,23,275,1086,42,0
2007-01-15 9:54:31,16.64,185,307296,16.65,16.66,16.67,16.68,16.69,12,50,419,47,93,16.63,16.62,16.61,16.6,16.59,223,1086,42,2392,122,0
2007-01-15 9:54:37,16.65,838,1393536,16.65,16.66,16.67,16.68,16.69,5,50,419,47,103,16.62,16.61,16.6,16.59,16.58,1086,42,2392,122,54,1
2007-01-15 9:54:41,16.64,32,53248,16.65,16.66,16.67,16.68,16.69,203,55,519,51,103,16.64,16.62,16.61,16.6,16.59,118,1086,61,2402,122,0
2007-01-15 9:54:45,16.64,0,0,16.65,16.66,16.67,16.68,16.69,225,565,335,51,103,16.64,16.62,16.61,16.6,16.59,118,1086,61,2402,122,0
2007-01-15 9:54:52,16.64,106,176400,16.65,16.66,16.67,16.68,16.69,400,565,335,51,103,16.64,16.62,16.61,16.6,16.59,37,1086,61,2400,122,0
2007-01-15 9:54:54,16.65,4,6656,16.65,16.66,16.67,16.68,16.69,671,575,350,51,103,16.64,16.63,16.62,16.61,16.6,37,221,1086,61,2400,1
2007-01-15 9:55:1,16.64,155,257920,16.64,16.65,16.66,16.67,16.68,28,761,575,350,51,16.63,16.62,16.61,16.6,16.59,221,1086,61,2400,122,1
2007-01-15 9:55:5,16.63,101,167968,16.64,16.65,16.66,16.67,16.68,42,794,578,350,51,16.63,16.62,16.61,16.6,16.59,120,1086,61,2400,122,0
2007-01-15 9:55:11,16.63,91,151376,16.64,16.65,16.66,16.67,16.68,218,841,588,250,51,16.63,16.62,16.61,16.6,16.59,80,1086,61,2400,122,0
2007-01-15 9:55:14,16.62,123,204528,16.63,16.64,16.65,16.66,16.67,67,438,870,588,250,16.62,16.61,16.6,16.59,16.58,1056,61,2400,122,53,0
2007-01-15 9:55:20,16.62,1109,1843136,16.62,16.63,16.64,16.65,16.66,79,351,992,902,588,16.61,16.6,16.59,16.58,16.56,29,2400,122,53,250,1
2007-01-15 9:55:24,16.61,29,48176,16.61,16.62,16.63,16.64,16.65,71,79,453,1493,883,16.6,16.59,16.58,16.56,16.55,2400,122,53,250,2171,1
2007-01-15 9:55:31,16.61,18,29888,16.61,16.62,16.63,16.64,16.65,70,79,523,1603,853,16.6,16.59,16.58,16.56,16.55,2390,122,53,250,2171,1
2007-01-15 9:55:37,16.62,195,324016,16.63,16.64,16.65,16.66,16.67,619,1593,1045,647,136,16.62,16.6,16.59,16.58,16.56,215,2390,122,53,250,0
2007-01-15 9:55:41,16.6,1701,2824960,16.62,16.63,16.64,16.65,16.66,28,168,1594,980,647,16.6,16.59,16.58,16.56,16.55,1359,122,53,250,2171,0
2007-01-15 9:55:46,16.6,159,263664,16.62,16.63,16.64,16.65,16.66,26,168,1570,980,647,16.6,16.59,16.58,16.56,16.55,1215,122,53,250,2171,0
2007-01-15 9:55:51,16.61,134,222832,16.62,16.63,16.64,16.65,16.66,62,181,1475,969,647,16.61,16.6,16.59,16.58,16.56,12,1087,122,53,250,0
2007-01-15 9:55:55,16.6,127,210832,16.62,16.63,16.64,16.65,16.66,68,151,1475,968,647,16.6,16.59,16.58,16.56,16.55,978,122,53,250,2171,0
2007-01-15 9:56:1,16.61,757,1256688,16.61,16.62,16.63,16.64,16.65,25,64,161,956,1038,16.6,16.59,16.58,16.56,16.55,258,122,53,250,2171,1
2007-01-15 9:56:5,16.63,685,1138976,16.64,16.65,16.66,16.67,16.68,957,1019,647,97,90,16.63,16.62,16.6,16.59,16.58,3197,5,256,122,53,0
2007-01-15 9:56:11,16.63,235,390800,16.64,16.65,16.66,16.67,16.68,957,845,647,97,90,16.63,16.62,16.6,16.59,16.58,2962,5,856,122,53,0
2007-01-15 9:56:16,16.63,730,1214000,16.64,16.65,16.66,16.67,16.68,957,850,647,97,90,16.63,16.62,16.6,16.59,16.58,2232,5,856,122,53,0
2007-01-15 9:56:20,16.63,160,266096,16.64,16.65,16.66,16.67,16.68,930,846,647,34,90,16.63,16.62,16.61,16.6,16.59,2099,5,6,856,122,0
2007-01-15 9:56:28,16.63,374,621968,16.64,16.65,16.66,16.67,16.68,929,746,647,34,90,16.63,16.62,16.61,16.6,16.59,1726,5,6,886,122,0
2007-01-15 9:56:32,16.64,1246,2072128,16.64,16.65,16.66,16.67,16.68,893,746,647,34,90,16.63,16.62,16.61,16.6,16.59,518,5,6,886,122,1
2007-01-15 9:56:36,16.63,315,523856,16.64,16.65,16.66,16.67,16.68,892,742,647,34,90,16.63,16.62,16.61,16.6,16.59,209,5,6,886,122,0
2007-01-15 9:56:41,16.63,180,299344,16.64,16.65,16.66,16.67,16.68,807,762,647,34,90,16.63,16.62,16.61,16.6,16.59,34,5,6,886,122,0
2007-01-15 9:56:44,16.65,1429,2376992,16.65,16.66,16.67,16.68,16.69,523,647,34,90,62,16.6,16.59,16.58,16.56,16.55,797,122,53,250,2171,1
2007-01-15 9:56:50,16.6,84,139632,16.63,16.64,16.65,16.66,16.67,521,68,523,647,34,16.6,16.59,16.58,16.56,16.55,779,122,53,250,2171,0
2007-01-15 9:56:55,16.6,45,74768,16.62,16.63,16.64,16.65,16.66,30,561,73,523,647,16.6,16.59,16.58,16.56,16.55,784,122,53,250,2171,0
2007-01-15 9:57:0,16.63,173,287280,16.63,16.64,16.65,16.66,16.67,846,73,590,647,34,16.6,16.59,16.58,16.56,16.55,663,122,53,250,2171,1
2007-01-15 9:57:5,16.6,27,44816,16.61,16.62,16.63,16.64,16.65,9,20,880,73,551,16.6,16.59,16.58,16.56,16.55,636,472,53,250,2171,0
2007-01-15 9:57:12,16.6,279,463536,16.62,16.63,16.64,16.65,16.66,19,1003,73,551,647,16.6,16.59,16.58,16.56,16.55,397,472,53,250,2171,0
2007-01-15 9:57:15,16.6,173,287216,16.62,16.63,16.64,16.65,16.66,5,1055,93,581,647,16.6,16.59,16.58,16.56,16.55,258,472,53,250,2171,0
2007-01-15 9:57:21,16.6,251,416656,16.61,16.62,16.63,16.64,16.65,3,5,1043,114,611,16.6,16.59,16.58,16.56,16.55,7,472,53,250,2671,0
2007-01-15 9:57:24,16.6,45,74736,16.6,16.62,16.63,16.64,16.65,200,23,1143,114,646,16.59,16.58,16.56,16.55,16.54,465,53,250,2671,3,1
2007-01-15 9:57:32,16.6,27,44816,16.6,16.62,16.63,16.64,16.65,437,353,1138,116,656,16.59,16.58,16.56,16.55,16.54,455,53,250,2671,3,1
2007-01-15 9:57:36,16.6,91,150976,16.6,16.62,16.63,16.64,16.65,599,367,1129,116,646,16.59,16.58,16.56,16.55,16.54,374,103,250,2671,3,1
2007-01-15 9:57:42,16.6,0,0,16.6,16.62,16.63,16.64,16.65,708,382,1137,116,875,16.59,16.58,16.57,16.56,16.55,374,103,2,250,2671,1
2007-01-15 9:57:45,16.59,73,121120,16.6,16.62,16.63,16.64,16.65,1178,466,1108,116,928,16.59,16.58,16.57,16.56,16.55,314,103,2,250,2671,0
2007-01-15 9:57:51,16.6,1457,2418464,16.62,16.63,16.64,16.65,16.66,566,1175,116,943,667,16.6,16.59,16.58,16.57,16.56,1298,224,103,2,250,0
2007-01-15 9:57:55,16.6,323,536192,16.62,16.63,16.64,16.65,16.66,570,1175,80,943,667,16.6,16.59,16.58,16.57,16.56,1375,224,103,2,250,0
2007-01-15 9:58:1,16.58,2155,3576000,16.59,16.6,16.62,16.63,16.64,8,29,552,1171,80,16.58,16.57,16.56,16.55,16.54,57,2,250,2671,3,0
2007-01-15 9:58:7,16.59,603,1002112,16.59,16.6,16.61,16.62,16.63,79,30,5,15,1142,16.58,16.57,16.56,16.55,16.54,59,2,230,2774,3,1
2007-01-15 9:58:12,16.59,5,8288,16.59,16.6,16.61,16.62,16.63,121,78,5,15,1132,16.58,16.57,16.56,16.55,16.54,55,2,230,2774,3,1
2007-01-15 9:58:15,16.58,47,77920,16.59,16.6,16.61,16.62,16.63,137,155,27,17,1062,16.58,16.57,16.56,16.55,16.54,8,2,230,2774,3,0
2007-01-15 9:58:21,16.59,40,66256,16.58,16.59,16.6,16.61,16.62,14,136,494,27,27,16.56,16.55,16.54,16.53,16.52,201,2774,3,3,4,0
2007-01-15 9:58:27,16.58,61,101152,16.58,16.59,16.6,16.61,16.62,75,150,688,27,47,16.57,16.56,16.55,16.54,16.53,180,201,2774,8,3,1
2007-01-15 9:58:32,16.57,793,1314960,16.58,16.6,16.61,16.62,16.63,163,349,27,57,4145,16.57,16.56,16.55,16.54,16.53,34,801,2774,8,3,0
2007-01-15 9:58:37,16.56,41,67936,16.58,16.59,16.6,16.61,16.62,211,30,467,27,57,16.56,16.55,16.54,16.53,16.52,799,2774,8,3,4,0
2007-01-15 9:58:41,16.56,38,62928,16.58,16.59,16.6,16.61,16.62,239,30,483,27,157,16.56,16.55,16.54,16.53,16.52,761,2774,8,3,4,0
2007-01-15 9:58:44,16.58,129,213824,16.57,16.58,16.59,16.6,16.61,10,185,50,533,27,16.56,16.55,16.54,16.53,16.52,747,2774,8,3,4,0
2007-01-15 9:58:50,16.57,347,574720,16.57,16.58,16.59,16.6,16.61,19,202,51,645,27,16.56,16.55,16.54,16.53,16.52,460,2774,8,3,4,1
2007-01-15 9:58:54,16.56,264,437584,16.57,16.58,16.59,16.6,16.61,2,33,51,645,27,16.56,16.55,16.54,16.53,16.52,414,2774,8,3,4,0
2007-01-15 9:59:1,16.57,88,145776,16.57,16.58,16.59,16.6,16.61,152,33,74,649,27,16.56,16.55,16.54,16.53,16.52,362,2774,8,3,4,1
2007-01-15 9:59:4,16.56,103,170560,16.57,16.58,16.59,16.6,16.61,194,33,76,644,22,16.56,16.55,16.54,16.53,16.52,259,2774,8,3,4,0
2007-01-15 9:59:12,16.56,184,304720,16.57,16.58,16.59,16.6,16.61,245,134,76,684,22,16.56,16.55,16.54,16.53,16.52,84,2774,8,3,4,0
2007-01-15 9:59:14,16.56,247,409728,16.56,16.57,16.58,16.59,16.6,33,258,134,73,684,16.55,16.54,16.53,16.52,16.51,2804,8,3,4,32,1
2007-01-15 9:59:21,16.55,41,67872,16.56,16.57,16.58,16.59,16.6,19,273,174,73,698,16.55,16.54,16.53,16.52,16.51,2808,8,3,4,32,0
2007-01-15 9:59:25,16.56,135,223552,16.56,16.57,16.58,16.59,16.6,116,283,179,73,708,16.55,16.54,16.53,16.52,16.51,2797,8,3,4,32,1
2007-01-15 9:59:32,16.55,42,69520,16.56,16.57,16.58,16.59,16.6,167,233,185,74,708,16.55,16.54,16.53,16.52,16.51,2765,8,3,4,32,0
2007-01-15 9:59:35,16.55,34,56288,16.56,16.57,16.58,16.59,16.6,245,233,264,74,738,16.55,16.54,16.53,16.52,16.51,2743,8,3,4,32,0
2007-01-15 9:59:42,16.55,359,594336,16.56,16.57,16.58,16.59,16.6,375,333,264,74,738,16.55,16.54,16.53,16.52,16.51,2584,8,3,4,32,0
2007-01-15 9:59:45,16.56,248,410656,16.56,16.57,16.58,16.59,16.6,524,333,264,74,753,16.55,16.54,16.53,16.52,16.51,2544,8,3,4,42,1
2007-01-15 9:59:51,16.55,765,1266064,16.56,16.57,16.58,16.59,16.6,542,348,264,74,763,16.55,16.54,16.53,16.52,16.51,1779,8,3,4,42,0
2007-01-15 9:59:54,16.54,2391,3957104,16.55,16.56,16.57,16.58,16.59,2180,565,348,279,74,16.54,16.53,16.52,16.51,16.5,5,3,4,42,3049,0
2007-01-15 10:0:0,16.55,144,238320,16.55,16.56,16.57,16.58,16.59,2299,608,353,279,74,16.53,16.52,16.51,16.5,16.49,2,4,42,3049,198,1
2007-01-15 10:0:5,16.55,583,964704,16.55,16.56,16.57,16.58,16.59,2134,626,347,279,74,16.51,16.5,16.49,16.48,16.47,42,3528,198,95,518,1
2007-01-15 10:0:12,16.55,21,34704,16.54,16.55,16.56,16.57,16.58,19,2237,788,347,252,16.51,16.5,16.49,16.48,16.47,29,3528,198,95,518,0
2007-01-15 10:0:15,16.51,15,24768,16.53,16.54,16.55,16.56,16.57,6,61,2317,813,347,16.51,16.5,16.49,16.48,16.47,29,3528,198,95,518,0
2007-01-15 10:0:22,16.51,201,332496,16.55,16.56,16.57,16.58,16.59,2258,823,397,252,73,16.51,16.5,16.49,16.48,16.47,28,3536,198,95,518,0
2007-01-15 10:0:24,16.55,2320,3839888,16.56,16.57,16.58,16.59,16.6,883,397,252,73,616,16.55,16.51,16.5,16.49,16.48,281,29,3536,198,95,0
2007-01-15 10:0:31,16.55,74,122464,16.56,16.57,16.58,16.59,16.6,883,397,251,73,606,16.55,16.54,16.51,16.5,16.49,207,10,37,3538,198,0
2007-01-15 10:0:34,16.55,159,263152,16.56,16.57,16.58,16.59,16.6,1092,397,251,73,686,16.55,16.54,16.51,16.5,16.49,48,10,47,3538,198,0
2007-01-15 10:0:41,16.6,2545,4218768,16.61,16.62,16.63,16.64,16.65,32,958,3605,14,1244,16.6,16.55,16.54,16.53,16.51,2484,619,10,3650,59,0
2007-01-15 10:0:45,16.6,659,1093936,16.61,16.62,16.63,16.64,16.65,32,958,3605,14,1244,16.6,16.55,16.54,16.53,16.51,1825,619,10,3650,160,0
2007-01-15 10:0:52,16.6,176,292160,16.61,16.62,16.63,16.64,16.65,32,958,3605,14,1244,16.6,16.56,16.55,16.54,16.53,1649,118,624,10,3650,0
2007-01-15 10:0:53,16.6,133,220784,16.61,16.62,16.63,16.64,16.65,32,958,3605,14,1244,16.6,16.56,16.55,16.54,16.53,1516,168,624,10,3650,0
2007-01-15 10:1:1,16.6,1046,1738288,16.62,16.63,16.64,16.65,16.66,12,3605,14,1214,162,16.6,16.56,16.55,16.54,16.53,1450,172,635,10,3650,0
2007-01-15 10:1:4,16.61,66,108848,16.63,16.64,16.65,16.66,16.67,3601,14,1214,162,4,16.61,16.6,16.56,16.55,16.54,0,1455,169,638,123,0
2007-01-15 10:1:10,16.6,109,180960,16.61,16.63,16.64,16.65,16.66,728,3601,14,1214,162,16.6,16.56,16.55,16.54,16.53,1366,169,638,123,3650,0
2007-01-15 10:1:15,16.6,100,166016,16.61,16.63,16.64,16.65,16.66,723,3601,14,1214,162,16.6,16.56,16.55,16.54,16.53,1277,169,668,123,3650,0
2007-01-15 10:1:21,16.6,149,247456,16.61,16.62,16.63,16.64,16.65,599,40,3581,14,1114,16.6,16.58,16.56,16.55,16.54,1252,16,169,668,123,0
2007-01-15 10:1:25,16.63,1576,2617456,16.63,16.64,16.65,16.66,16.67,3388,9,1114,162,4,16.6,16.58,16.56,16.55,16.54,549,16,154,663,123,1
2007-01-15 10:1:32,16.61,142,235808,16.61,16.63,16.64,16.65,16.66,41,3378,9,1114,162,16.6,16.58,16.56,16.55,16.54,476,16,104,663,123,1
2007-01-15 10:1:36,16.6,345,573504,16.63,16.64,16.65,16.66,16.67,3140,9,1114,162,4,16.61,16.6,16.58,16.56,16.55,70,475,16,104,663,0
2007-01-15 10:1:43,16.6,118,196080,16.63,16.64,16.65,16.66,16.67,3095,9,1114,162,4,16.6,16.58,16.56,16.55,16.54,493,316,104,660,135,0
2007-01-15 10:1:45,16.63,80,132816,16.63,16.64,16.65,16.66,16.67,3089,9,1114,162,4,16.61,16.6,16.58,16.56,16.55,30,433,316,104,660,1
2007-01-15 10:1:53,16.61,325,540432,16.63,16.64,16.65,16.66,16.67,2789,9,1114,162,4,16.61,16.6,16.58,16.56,16.55,66,433,316,100,660,0
2007-01-15 10:1:56,16.61,82,136208,16.61,16.63,16.64,16.65,16.66,2,2780,9,1109,162,16.6,16.58,16.56,16.55,16.54,444,316,110,660,172,1
2007-01-15 10:2:1,16.61,124,205856,16.61,16.63,16.64,16.65,16.66,9,2780,9,1116,162,16.6,16.58,16.56,16.55,16.54,338,326,110,660,172,1
2007-01-15 10:2:3,16.61,179,297456,16.61,16.62,16.63,16.64,16.65,5,2,2684,15,1116,16.6,16.58,16.56,16.55,16.54,282,326,115,660,172,1
2007-01-15 10:2:12,16.61,102,169520,16.62,16.63,16.64,16.65,16.66,3,2646,15,1086,162,16.61,16.6,16.58,16.56,16.55,64,287,326,115,660,0
2007-01-15 10:2:15,16.6,547,908128,16.63,16.64,16.65,16.66,16.67,2634,15,1086,162,4,16.6,16.59,16.58,16.56,16.55,124,2,326,115,660,0
2007-01-15 10:2:20,16.63,72,119680,16.63,16.64,16.65,16.66,16.67,2605,15,1086,162,4,16.6,16.59,16.58,16.56,16.55,724,2,326,115,660,1
2007-01-15 10:2:26,16.6,978,1625520,16.62,16.63,16.64,16.65,16.66,2,1779,15,1076,162,16.6,16.59,16.58,16.56,16.55,763,2,326,115,660,0
2007-01-15 10:2:31,16.62,1701,2828592,16.63,16.64,16.65,16.66,16.67,191,1251,1076,162,4,16.61,16.6,16.59,16.58,16.56,45,732,2,326,115,0
2007-01-15 10:2:36,16.61,139,230992,16.62,16.63,16.64,16.65,16.66,40,191,1251,1116,162,16.61,16.6,16.59,16.58,16.56,30,732,2,326,115,0
2007-01-15 10:2:44,16.6,169,280880,16.62,16.63,16.64,16.65,16.66,41,112,1254,1116,182,16.61,16.6,16.59,16.58,16.56,218,1082,2,336,115,0
2007-01-15 10:2:46,16.62,5,8320,16.62,16.63,16.64,16.65,16.66,70,112,1254,1116,172,16.61,16.6,16.59,16.58,16.56,318,1082,2,336,115,1
2007-01-15 10:2:50,16.62,295,490128,16.63,16.64,16.65,16.66,16.67,136,1254,1116,172,4,16.62,16.61,16.6,16.59,16.58,433,128,1095,2,336,0
2007-01-15 10:2:54,16.63,174,290096,16.64,16.65,16.66,16.67,16.68,1258,1016,172,4,114,16.63,16.62,16.61,16.6,16.59,37,502,128,1655,2,0
2007-01-15 10:3:0,16.62,68,113056,16.63,16.64,16.65,16.66,16.67,1,1255,1016,172,4,16.62,16.61,16.6,16.59,16.58,1506,130,1655,2,336,0
2007-01-15 10:3:3,16.62,27,44880,16.63,16.64,16.65,16.66,16.67,733,1251,1016,172,4,16.62,16.61,16.6,16.59,16.58,1498,133,1685,2,336,0
2007-01-15 10:3:12,16.61,1639,2723968,16.63,16.64,16.65,16.66,16.67,721,1251,1016,172,4,16.61,16.6,16.59,16.58,16.56,40,1764,2,336,110,0
2007-01-15 10:3:14,16.63,141,234432,16.62,16.63,16.64,16.65,16.66,18,610,1251,1011,172,16.61,16.6,16.59,16.58,16.56,20,1764,1002,336,110,0
2007-01-15 10:3:20,16.63,622,1034368,16.62,16.63,16.64,16.65,16.66,1,6,1251,1104,172,16.61,16.6,16.59,16.58,16.56,20,1764,1002,336,110,0
2007-01-15 10:3:24,16.62,27,44128,16.64,16.65,16.66,16.67,16.68,1251,1109,172,4,116,16.62,16.61,16.6,16.59,16.58,95,19,1780,1022,336,0
2007-01-15 10:3:31,16.62,50,83104,16.64,16.65,16.66,16.67,16.68,1251,1109,172,4,116,16.63,16.62,16.61,16.6,16.59,1,47,122,1780,1022,0
2007-01-15 10:3:33,16.62,6,9984,16.64,16.65,16.66,16.67,16.68,1251,1109,172,4,116,16.62,16.61,16.6,16.59,16.58,104,122,1780,1022,336,0
2007-01-15 10:3:42,16.62,142,236240,16.63,16.64,16.65,16.66,16.67,40,1146,1090,172,4,16.62,16.61,16.6,16.59,16.58,103,124,1780,1022,336,0
2007-01-15 10:3:45,16.63,46,77120,16.63,16.64,16.65,16.66,16.67,28,1146,1091,172,14,16.62,16.61,16.6,16.59,16.58,69,124,1793,1022,336,1
2007-01-15 10:3:51,16.63,1059,1762112,16.64,16.65,16.66,16.67,16.68,142,1091,172,14,116,16.63,16.62,16.61,16.6,16.59,47,47,124,1793,1022,0
2007-01-15 10:3:55,16.7,1783,2969904,16.7,16.71,16.72,16.73,16.74,3712,131,548,7,5,16.68,16.65,16.64,16.63,16.62,1,3770,130,47,47,1
2007-01-15 10:4:1,16.65,142,236448,16.7,16.71,16.72,16.73,16.74,3713,131,548,7,5,16.65,16.64,16.63,16.62,16.61,3672,130,62,57,124,0
2007-01-15 10:4:12,16.65,295,492560,16.7,16.71,16.72,16.73,16.74,3439,131,548,7,5,16.65,16.64,16.63,16.62,16.61,9307,30,116,96,302,0
2007-01-15 10:4:16,16.7,60,100208,16.7,16.71,16.72,16.73,16.74,3402,131,548,7,5,16.66,16.65,16.64,16.63,16.62,4,9304,30,116,96,1
2007-01-15 10:4:23,16.7,71,118416,16.7,16.71,16.72,16.73,16.74,3386,131,548,7,5,16.68,16.65,16.64,16.63,16.62,3,9289,30,113,94,1
2007-01-15 10:4:33,16.7,2616,4361920,16.7,16.71,16.72,16.73,16.74,2144,131,548,7,5,16.65,16.64,16.63,16.62,16.61,7948,37,113,94,302,1
2007-01-15 10:4:34,16.7,73,121904,16.7,16.71,16.72,16.73,16.74,2087,131,548,7,5,16.68,16.66,16.65,16.64,16.63,4,20,7948,37,113,1
2007-01-15 10:4:41,16.7,7,11696,16.7,16.71,16.72,16.73,16.74,2099,131,548,7,5,16.68,16.66,16.65,16.64,16.63,4,71,7958,7,113,1
2007-01-15 10:4:46,16.7,2051,3425168,16.7,16.71,16.72,16.73,16.74,48,126,548,7,5,16.66,16.65,16.64,16.63,16.62,77,7968,7,113,94,1
2007-01-15 10:4:51,16.71,128,213776,16.71,16.72,16.73,16.74,16.75,45,548,7,5,503,16.7,16.66,16.65,16.64,16.63,255,77,7968,7,113,1
2007-01-15 10:4:53,16.7,20,33408,16.71,16.72,16.73,16.74,16.75,45,548,7,5,503,16.7,16.68,16.66,16.65,16.64,261,20,77,7969,7,0
2007-01-15 10:5:2,16.71,13,21712,16.71,16.72,16.73,16.74,16.75,289,548,7,5,553,16.7,16.68,16.66,16.65,16.64,274,20,77,7969,7,1
2007-01-15 10:5:3,16.71,34,56816,16.71,16.72,16.73,16.74,16.75,255,548,7,5,573,16.7,16.68,16.66,16.65,16.64,289,25,77,7969,7,1
2007-01-15 10:5:10,16.72,838,1400880,16.73,16.74,16.75,16.76,16.78,7,405,729,116,267,16.72,16.71,16.7,16.68,16.66,38,5,273,25,1577,0
2007-01-15 10:5:15,16.72,2054,3440896,16.75,16.76,16.8,16.81,16.82,6,12,3861,25,370,16.72,16.71,16.7,16.68,16.66,694,51,273,20,1577,0
2007-01-15 10:5:23,16.72,3,5008,16.75,16.76,16.8,16.81,16.82,6,12,3861,25,370,16.72,16.71,16.7,16.68,16.66,691,181,360,20,1586,0
2007-01-15 10:5:32,16.75,79,132160,16.75,16.76,16.79,16.8,16.81,282,22,20,3861,25,16.72,16.71,16.7,16.69,16.68,736,278,1049,6,20,1
2007-01-15 10:5:34,16.76,3921,6582432,16.76,16.8,16.81,16.82,16.83,4,685,25,370,800,16.72,16.71,16.7,16.69,16.68,938,278,1102,6,20,1
2007-01-15 10:5:35,16.76,7,11728,16.79,16.8,16.81,16.82,16.83,476,705,25,370,800,16.76,16.75,16.72,16.71,16.7,11,3,941,278,1119,0
2007-01-15 10:5:43,16.72,136,227536,16.75,16.79,16.8,16.81,16.82,254,486,705,25,370,16.72,16.71,16.7,16.69,16.68,862,268,1119,6,20,0
2007-01-15 10:5:45,16.75,63,105504,16.75,16.76,16.79,16.8,16.81,226,1,586,705,25,16.73,16.72,16.71,16.7,16.69,20,857,268,1123,6,1
2007-01-15 10:5:52,16.72,590,987552,16.79,16.8,16.81,16.82,16.83,610,705,25,350,800,16.72,16.71,16.7,16.69,16.68,594,229,1093,6,20,0
2007-01-15 10:5:53,16.75,7,11744,16.75,16.79,16.8,16.81,16.82,129,608,705,30,348,16.73,16.72,16.71,16.7,16.69,10,594,229,1093,6,1
2007-01-15 10:6:0,16.75,32,53600,16.75,16.76,16.78,16.79,16.8,97,20,20,608,715,16.73,16.72,16.71,16.7,16.69,10,594,152,1119,6,1
2007-01-15 10:6:4,16.7,2111,3526864,16.7,16.75,16.76,16.78,16.79,125,81,20,23,908,16.69,16.68,16.67,16.66,16.65,6,20,20,1590,7926,1
2007-01-15 10:6:13,16.75,528,884352,16.75,16.78,16.79,16.8,16.81,345,39,1019,736,25,16.71,16.7,16.69,16.68,16.67,30,80,6,20,30,1
2007-01-15 10:6:21,16.71,5,8384,16.75,16.76,16.78,16.79,16.8,341,2,73,1019,745,16.71,16.7,16.69,16.68,16.67,29,139,6,20,30,0
2007-01-15 10:6:29,16.7,392,655440,16.75,16.76,16.78,16.79,16.8,69,2,73,1019,763,16.73,16.7,16.69,16.68,16.67,128,148,6,20,30,0
2007-01-15 10:6:32,16.73,113,189600,16.75,16.76,16.78,16.79,16.8,100,2,73,1019,763,16.73,16.7,16.69,16.68,16.67,22,388,6,20,31,0
2007-01-15 10:6:34,16.71,1173,1957600,16.71,16.75,16.76,16.78,16.79,6,84,2,123,1039,16.7,16.66,16.65,16.64,16.63,15,1238,7926,7,57,1
2007-01-15 10:6:41,16.7,46,77008,16.75,16.76,16.78,16.79,16.8,109,2,138,1039,917,16.7,16.67,16.66,16.65,16.64,11,5,1238,7926,7,0
2007-01-15 10:6:44,16.75,2,3344,16.73,16.75,16.76,16.78,16.79,20,132,2,138,1039,16.71,16.7,16.67,16.66,16.65,25,11,5,1238,7946,0
2007-01-15 10:6:51,16.73,19,31776,16.73,16.75,16.76,16.78,16.79,26,133,15,144,1039,16.71,16.7,16.67,16.66,16.65,22,116,5,1238,7956,1
2007-01-15 10:6:55,16.73,123,205488,16.73,16.75,16.76,16.78,16.79,11,433,16,144,1039,16.71,16.7,16.67,16.66,16.65,3,442,5,1238,7956,1
2007-01-15 10:7:1,16.73,137,229408,16.75,16.76,16.78,16.79,16.8,444,17,148,1039,1017,16.73,16.71,16.7,16.67,16.66,32,3,1692,65,1238,0
2007-01-15 10:7:3,16.73,54,90352,16.75,16.76,16.78,16.79,16.8,452,17,158,1039,1022,16.73,16.72,16.71,16.7,16.67,303,2,3,1692,65,0
2007-01-15 10:7:10,16.73,7,11712,16.75,16.76,16.78,16.79,16.8,456,17,168,1039,1022,16.73,16.72,16.71,16.7,16.67,296,2,4,1712,92,0
2007-01-15 10:7:14,16.75,12,20112,16.75,16.76,16.78,16.79,16.8,466,17,168,1039,1022,16.73,16.72,16.71,16.7,16.67,302,2,4,1720,92,1
2007-01-15 10:7:20,16.75,312,522560,16.75,16.76,16.78,16.79,16.8,364,17,168,1039,1022,16.73,16.72,16.71,16.7,16.67,94,2,4,1720,92,1
2007-01-15 10:7:24,16.75,456,764656,16.76,16.78,16.79,16.8,16.81,3,168,1039,1027,28,16.75,16.73,16.72,16.71,16.7,378,94,2,4,1726,0
2007-01-15 10:7:32,16.79,700,1173056,16.75,16.79,16.8,16.81,16.82,20,985,1027,28,372,16.73,16.72,16.71,16.7,16.67,8,2,11,1762,92,0
2007-01-15 10:7:34,16.73,24,40160,16.73,16.74,16.75,16.79,16.8,9,2,18,985,1027,16.72,16.71,16.7,16.67,16.66,0,11,1810,92,2238,1
2007-01-15 10:7:40,16.75,85,142432,16.75,16.76,16.78,16.79,16.8,44,3,10,985,1089,16.72,16.71,16.7,16.67,16.66,20,11,1810,92,2238,1
2007-01-15 10:7:46,16.73,7,11712,16.73,16.75,16.76,16.78,16.79,3,102,6,10,985,16.72,16.71,16.7,16.67,16.66,20,11,1810,92,2238,1
2007-01-15 10:7:50,16.72,51,85664,16.72,16.75,16.76,16.78,16.79,10,229,6,10,1005,16.71,16.7,16.67,16.66,16.65,16,1818,92,1013,7956,1
2007-01-15 10:7:54,16.75,12,20064,16.72,16.75,16.76,16.78,16.79,100,247,8,110,1119,16.71,16.7,16.67,16.66,16.65,496,1928,92,1013,7956,0
2007-01-15 10:8:1,16.71,100,167152,16.72,16.74,16.75,16.76,16.78,83,20,247,8,110,16.71,16.7,16.67,16.66,16.65,443,2828,92,1013,7956,0
2007-01-15 10:8:4,16.74,120,199824,16.74,16.75,16.76,16.78,16.79,6,270,8,110,1119,16.73,16.72,16.71,16.7,16.67,12,71,430,2828,92,1
2007-01-15 10:8:10,16.74,3,5024,16.74,16.75,16.76,16.78,16.79,3,480,8,110,1119,16.73,16.72,16.71,16.7,16.67,12,172,440,3828,92,1
2007-01-15 10:8:13,16.72,120,200720,16.75,16.76,16.78,16.79,16.8,473,8,110,1119,1181,16.73,16.72,16.71,16.7,16.67,20,198,440,3858,92,0
2007-01-15 10:8:21,16.79,981,1644288,16.79,16.8,16.81,16.82,16.83,801,1201,28,372,791,16.75,16.72,16.71,16.7,16.67,199,178,440,3858,102,1
2007-01-15 10:8:23,16.75,2,3344,16.79,16.8,16.81,16.82,16.83,817,1251,28,372,791,16.75,16.74,16.73,16.72,16.71,202,2,40,188,440,0
2007-01-15 10:8:31,16.75,76,127296,16.79,16.8,16.81,16.82,16.83,817,1271,28,372,791,16.75,16.74,16.73,16.72,16.71,132,2,40,188,540,0
2007-01-15 10:8:36,16.75,972,1631904,16.75,16.8,16.81,16.82,16.83,88,1200,28,372,791,16.74,16.73,16.72,16.71,16.7,57,83,188,540,3858,1
2007-01-15 10:8:41,16.75,236,395648,16.75,16.76,16.78,16.8,16.81,182,2,15,1200,28,16.74,16.73,16.72,16.71,16.7,75,83,188,540,3858,1
2007-01-15 10:8:45,16.75,45,75344,16.75,16.76,16.78,16.79,16.8,302,2,70,35,1204,16.74,16.73,16.72,16.71,16.7,45,89,203,540,3858,1
2007-01-15 10:8:51,16.74,22,36832,16.75,16.76,16.78,16.79,16.8,377,2,70,55,1226,16.74,16.73,16.72,16.71,16.7,23,89,125,540,3858,0
2007-01-15 10:8:54,16.75,204,341696,16.75,16.76,16.78,16.79,16.8,183,2,70,55,1217,16.74,16.73,16.72,16.71,16.7,23,89,125,540,3875,1
2007-01-15 10:9:0,16.74,33,54880,16.74,16.75,16.76,16.78,16.79,103,193,2,70,55,16.73,16.72,16.71,16.7,16.67,188,125,540,3875,102,1
2007-01-15 10:9:4,16.75,316,528656,16.76,16.78,16.79,16.8,16.81,25,70,92,1220,28,16.75,16.73,16.72,16.71,16.7,296,181,125,540,3875,0
2007-01-15 10:9:11,16.76,231,386944,16.76,16.78,16.79,16.8,16.81,5,71,92,1225,28,16.75,16.73,16.72,16.71,16.7,98,181,125,540,3875,1
2007-01-15 10:9:16,16.83,2219,3727536,16.83,16.84,16.85,16.86,16.87,471,99,1106,293,27,16.8,16.75,16.73,16.72,16.71,1,30,140,125,540,1
2007-01-15 10:9:20,16.78,70,117024,16.79,16.8,16.83,16.84,16.85,20,74,472,99,1106,16.78,16.75,16.73,16.72,16.71,6,29,227,138,546,0
2007-01-15 10:9:24,16.85,1512,2545888,16.85,16.86,16.87,16.88,16.89,331,293,27,440,268,16.75,16.73,16.72,16.71,16.7,23,227,138,546,3844,1
2007-01-15 10:9:32,16.83,123,206688,16.75,16.85,16.86,16.87,16.88,3,288,293,27,440,16.73,16.72,16.71,16.7,16.67,227,138,546,3844,102,0
2007-01-15 10:9:34,16.75,3,5824,16.8,16.85,16.86,16.87,16.88,40,321,293,27,432,16.77,16.73,16.72,16.71,16.7,9,227,138,546,3849,0
2007-01-15 10:9:41,16.85,266,448032,16.85,16.86,16.87,16.88,16.89,101,303,27,432,268,16.79,16.77,16.75,16.74,16.73,20,9,699,3000,227,1
2007-01-15 10:9:44,16.79,1,1664,16.8,16.85,16.86,16.87,16.88,2,159,243,27,432,16.79,16.78,16.77,16.76,16.75,19,3,9,47,728,0
2007-01-15 10:9:50,16.8,36,60608,16.8,16.83,16.84,16.85,16.86,727,13,9,147,243,16.79,16.78,16.77,16.76,16.75,22,3,9,52,728,1
2007-01-15 10:9:53,16.8,17,28544,16.8,16.83,16.84,16.85,16.86,741,13,9,456,243,16.79,16.78,16.77,16.76,16.75,7,3,9,102,778,1
2007-01-15 10:10:1,16.85,1292,2172544,16.86,16.87,16.88,16.89,16.9,243,27,444,278,1230,16.85,16.8,16.79,16.78,16.77,1,537,7,3,9,0
2007-01-15 10:10:4,16.86,530,892384,16.87,16.88,16.89,16.9,16.91,27,441,386,1232,7,16.86,16.8,16.79,16.78,16.77,1670,590,87,3,9,0
2007-01-15 10:10:10,16.86,16,26976,16.87,16.88,16.89,16.9,16.91,37,441,386,1232,7,16.86,16.8,16.79,16.78,16.77,1654,602,87,3,9,0
2007-01-15 10:10:16,16.86,1306,2202144,16.87,16.88,16.89,16.9,16.91,107,441,396,1271,7,16.86,16.8,16.79,16.78,16.77,578,480,187,3,9,0
2007-01-15 10:10:22,16.86,123,207456,16.87,16.88,16.89,16.9,16.91,37,441,396,1271,7,16.86,16.85,16.8,16.79,16.78,525,280,493,187,3,0
2007-01-15 10:10:24,16.86,464,781888,16.88,16.89,16.9,16.91,16.92,269,396,1263,7,56,16.86,16.85,16.8,16.79,16.78,218,280,397,187,3,0
2007-01-15 10:10:32,16.86,540,911008,16.86,16.88,16.89,16.9,16.91,776,472,396,1263,7,16.85,16.8,16.79,16.78,16.77,227,397,187,3,9,1
2007-01-15 10:10:34,16.86,42,70784,16.86,16.87,16.88,16.89,16.9,1354,43,472,412,1280,16.85,16.8,16.79,16.78,16.77,215,397,187,30,9,1
2007-01-15 10:10:41,16.85,358,603360,16.85,16.86,16.87,16.88,16.89,5,1332,44,472,412,16.8,16.79,16.78,16.77,16.76,397,187,30,9,52,1
2007-01-15 10:10:47,16.85,243,409696,16.85,16.86,16.87,16.88,16.89,11,1126,49,469,412,16.8,16.79,16.78,16.77,16.76,399,187,30,9,52,1
2007-01-15 10:10:51,16.86,1074,1810720,16.86,16.87,16.88,16.89,16.9,130,69,469,402,1394,16.8,16.79,16.78,16.77,16.76,405,187,30,9,52,1
2007-01-15 10:10:55,16.85,112,188736,16.86,16.87,16.88,16.89,16.9,105,69,469,412,1396,16.85,16.8,16.79,16.78,16.77,1244,403,187,30,9,0
2007-01-15 10:11:1,16.85,200,337248,16.87,16.88,16.89,16.9,16.91,7,469,412,1417,7,16.85,16.8,16.79,16.78,16.77,1211,403,187,30,9,0
2007-01-15 10:11:6,16.86,546,921504,16.86,16.87,16.88,16.89,16.9,299,200,10,388,1451,16.85,16.8,16.79,16.78,16.77,1170,903,187,30,9,1
2007-01-15 10:11:9,16.85,56,94432,16.86,16.87,16.88,16.89,16.9,364,233,10,328,1463,16.85,16.8,16.79,16.78,16.77,2174,903,187,30,9,0
2007-01-15 10:11:13,16.86,31,52256,16.86,16.87,16.88,16.89,16.9,343,235,13,328,1518,16.85,16.8,16.79,16.78,16.77,2167,903,187,30,9,1
2007-01-15 10:11:22,16.85,3071,5180128,16.87,16.88,16.89,16.9,16.91,10,5,6,991,7,16.85,16.8,16.79,16.78,16.77,606,903,187,30,9,0
2007-01-15 10:11:26,16.85,129,217472,16.86,16.87,16.88,16.89,16.9,305,104,26,10,989,16.85,16.8,16.79,16.78,16.77,563,903,187,30,9,0
2007-01-15 10:11:32,16.86,184,310048,16.86,16.87,16.88,16.89,16.9,317,109,32,93,994,16.85,16.83,16.8,16.79,16.78,385,5,981,187,30,1
2007-01-15 10:11:35,16.86,441,743488,16.86,16.87,16.88,16.89,16.9,5,113,57,98,1994,16.85,16.83,16.8,16.79,16.78,348,5,981,187,30,1
2007-01-15 10:11:41,16.85,217,365856,16.86,16.87,16.88,16.89,16.9,136,124,67,207,2004,16.85,16.83,16.8,16.79,16.78,380,5,981,187,30,0
2007-01-15 10:11:47,16.86,213,358976,16.86,16.87,16.88,16.89,16.9,60,124,67,207,1996,16.85,16.83,16.8,16.79,16.78,243,5,991,187,30,1
2007-01-15 10:11:50,16.85,117,197216,16.86,16.87,16.88,16.89,16.9,323,124,67,218,2011,16.85,16.83,16.8,16.79,16.78,193,5,1991,187,30,0
2007-01-15 10:11:56,16.85,671,1131584,16.86,16.87,16.89,16.9,16.91,1,10,192,2011,507,16.85,16.83,16.8,16.79,16.78,152,5,1991,187,30,0
2007-01-15 10:12:0,16.85,173,291168,16.85,16.89,16.9,16.91,16.92,18,187,2012,507,50,16.83,16.8,16.79,16.78,16.77,5,2689,187,30,9,1
2007-01-15 10:12:3,16.85,122,205632,16.85,16.86,16.88,16.89,16.9,294,97,5,193,2013,16.8,16.79,16.78,16.77,16.76,2689,187,30,9,5,1
2007-01-15 10:12:11,16.8,9,15136,16.85,16.86,16.88,16.89,16.9,396,101,5,228,1988,16.8,16.79,16.78,16.77,16.76,2686,187,30,9,5,0
2007-01-15 10:12:17,16.83,44,74112,16.83,16.85,16.86,16.88,16.89,4,442,180,12,231,16.8,16.79,16.78,16.77,16.76,2686,187,30,9,5,1
2007-01-15 10:12:21,16.83,592,994624,16.83,16.85,16.86,16.88,16.89,126,442,224,32,231,16.8,16.79,16.78,16.77,16.76,2112,187,30,9,5,1
2007-01-15 10:12:24,16.8,34,57120,16.83,16.85,16.86,16.88,16.89,124,646,338,132,291,16.8,16.79,16.78,16.77,16.76,2081,187,30,9,5,0
2007-01-15 10:12:34,16.83,21,35328,16.83,16.84,16.85,16.86,16.88,108,29,650,342,142,16.8,16.79,16.78,16.77,16.76,2086,187,30,9,5,1
2007-01-15 10:12:41,16.9,6376,10773984,16.97,16.98,16.99,17,17.01,3,977,1569,6986,34,16.9,16.8,16.79,16.78,16.77,861,1930,187,30,9,0
2007-01-15 10:12:43,16.85,2712,4574432,16.9,16.97,16.98,16.99,17,18,3,977,1738,6991,16.85,16.83,16.8,16.79,16.78,251,120,1977,187,30,0
2007-01-15 10:12:48,16.8,1071,1801216,16.82,16.84,16.85,16.87,16.89,10,223,5,5,100,16.81,16.8,16.79,16.78,16.77,62,1431,187,30,9,0
2007-01-15 10:12:51,16.83,11,18496,16.83,16.84,16.85,16.86,16.87,109,223,11,11,5,16.81,16.8,16.79,16.78,16.77,62,1431,187,30,9,1
2007-01-15 10:12:56,16.83,332,557856,16.83,16.84,16.85,16.86,16.87,97,223,16,111,5,16.8,16.79,16.78,16.77,16.76,1173,187,30,9,5,1
2007-01-15 10:13:0,16.85,491,826656,16.86,16.87,16.88,16.89,16.9,126,5,5,120,112,16.85,16.81,16.8,16.79,16.78,2961,20,3173,187,30,0
2007-01-15 10:13:7,16.85,47,79232,16.86,16.87,16.88,16.89,16.9,96,5,5,120,117,16.85,16.83,16.81,16.8,16.79,2944,78,151,3203,187,0
2007-01-15 10:13:12,16.85,14,23616,16.86,16.87,16.88,16.89,16.9,86,5,5,120,137,16.85,16.83,16.82,16.81,16.8,2940,165,69,313,3203,0
2007-01-15 10:13:17,16.86,242,408640,16.87,16.88,16.89,16.9,16.94,5,9,120,137,3,16.86,16.85,16.83,16.82,16.81,56,2786,165,69,323,0
2007-01-15 10:13:22,16.86,51,85984,16.87,16.88,16.89,16.9,16.94,11,9,120,177,3,16.86,16.85,16.84,16.83,16.82,167,2807,20,197,69,0
2007-01-15 10:13:27,16.9,3115,5285056,16.99,17,17.01,17.02,17.03,113,7101,34,23,505,16.9,16.87,16.86,16.85,16.84,546,107,238,2830,20,0
2007-01-15 10:13:32,16.87,560,946368,16.88,16.9,16.93,16.99,17,7,114,5,113,7101,16.87,16.86,16.85,16.84,16.83,76,330,2830,20,143,0
2007-01-15 10:13:38,17,7516,12774176,17.01,17.02,17.03,17.04,17.05,34,23,505,9,120,17,16.86,16.85,16.84,16.83,1881,305,2830,20,151,0
2007-01-15 10:13:41,16.95,87,147744,16.95,17,17.01,17.02,17.03,51,2,34,23,505,16.9,16.87,16.86,16.85,16.84,968,6,305,2830,20,1
2007-01-15 10:13:47,17,509,865024,17.01,17.02,17.03,17.04,17.05,34,23,505,9,120,17,16.99,16.9,16.88,16.87,92,12,968,62,6,0
2007-01-15 10:13:52,16.99,104,176800,16.95,17.01,17.02,17.03,17.04,216,34,23,505,9,16.9,16.88,16.87,16.86,16.85,968,62,26,330,4830,0
2007-01-15 10:13:58,16.95,113,191296,16.95,16.97,17,17.01,17.02,157,7,3,34,23,16.9,16.88,16.87,16.86,16.85,920,62,26,390,4833,1
2007-01-15 10:14:1,16.95,21,35584,16.95,16.97,17,17.01,17.02,136,7,63,34,23,16.9,16.88,16.87,16.86,16.85,920,162,26,390,4833,1
2007-01-15 10:14:7,16.95,113,191200,16.95,16.97,17,17.01,17.02,98,7,92,29,23,16.9,16.89,16.88,16.87,16.86,871,91,162,26,562,1
2007-01-15 10:14:12,17,547,927136,17.01,17.02,17.03,17.04,17.05,34,23,505,9,70,17,16.95,16.9,16.89,16.88,805,343,629,91,162,0
2007-01-15 10:14:17,17,14,23808,17.01,17.02,17.03,17.04,17.05,38,23,505,9,70,17,16.97,16.95,16.9,16.89,803,1,375,725,91,0
2007-01-15 10:14:22,17,230,391424,17.01,17.02,17.03,17.04,17.05,38,23,505,9,70,17,16.97,16.95,16.9,16.89,1590,1,397,790,91,0
2007-01-15 10:14:26,17,857,1457728,17.02,17.03,17.04,17.05,17.06,5,164,9,66,216,17.01,17,16.97,16.96,16.95,1,3577,1,69,401,0
2007-01-15 10:14:33,17.03,214,364384,17.04,17.05,17.06,17.07,17.08,9,78,216,3,109,17.03,17.02,17.01,17,16.97,18,10,199,3574,85,0
2007-01-15 10:14:36,17.01,220,375072,17.04,17.05,17.06,17.07,17.08,5,128,216,3,109,17.01,17,16.97,16.96,16.95,182,3595,109,69,451,0
2007-01-15 10:14:45,17.01,42,71520,17.05,17.06,17.07,17.08,17.09,613,216,3,109,167,17.01,17,16.97,16.96,16.95,224,3563,109,69,466,0
2007-01-15 10:14:48,17.01,886,1510624,17.06,17.07,17.08,17.09,17.1,5,3,109,167,1025,17.01,17,16.97,16.96,16.95,279,3531,109,69,462,0
2007-01-15 10:14:56,17.01,272,463232,17.03,17.04,17.06,17.07,17.08,110,3,5,3,119,17.01,17,16.99,16.97,16.96,450,6553,33,108,69,0
2007-01-15 10:15:2,17.06,182,309248,17.08,17.09,17.1,17.11,17.12,115,167,1157,8,92,17.06,17.04,17.01,17,16.99,25,117,470,6560,33,0
2007-01-15 10:15:7,17.04,378,644832,17.06,17.07,17.08,17.09,17.1,262,4,117,167,1267,17.04,17.02,17.01,17,16.99,1,10,440,6610,33,0
2007-01-15 10:15:11,17.01,560,954816,17.06,17.07,17.08,17.09,17.1,234,4,117,182,1267,17.01,17,16.99,16.98,16.97,655,6610,33,27,108,0
2007-01-15 10:15:17,17.1,1096,1872384,17.05,17.08,17.1,17.11,17.12,2,10,1320,8,92,17.04,17.03,17.01,17,16.99,12,69,630,6610,33,0
2007-01-15 10:15:20,17.04,825,1409568,17.08,17.1,17.11,17.12,17.13,5,777,8,92,24,17.04,17.03,17.01,17,16.99,4,277,618,6620,33,0
2007-01-15 10:15:28,17.07,86,146688,17.07,17.08,17.1,17.11,17.12,14,2,777,18,92,17.03,17.01,17,16.99,16.98,268,618,6970,33,27,1
2007-01-15 10:15:32,17.05,160,273312,17.05,17.06,17.07,17.08,17.09,4,2,11,212,5,17.03,17.02,17.01,17,16.99,131,35,723,6970,33,1
2007-01-15 10:15:38,17.06,409,698496,17.1,17.11,17.12,17.13,17.14,754,21,95,74,2,17.06,17.03,17.02,17.01,17,53,131,35,724,6978,0
2007-01-15 10:15:41,17.06,92,157120,17.09,17.1,17.11,17.12,17.13,2,733,21,95,74,17.06,17.05,17.03,17.02,17.01,32,32,131,35,1148,0
2007-01-15 10:15:47,17.07,86,146784,17.07,17.08,17.09,17.1,17.11,222,15,29,892,21,17.06,17.05,17.03,17.02,17.01,3,122,131,35,1148,1
2007-01-15 10:15:50,17.05,230,393088,17.05,17.06,17.07,17.08,17.09,8,101,149,15,29,17.04,17.03,17.02,17.01,17,3,121,35,1156,6968,1
2007-01-15 10:15:57,17.1,1477,2524416,17.05,17.06,17.09,17.1,17.11,3,20,3,2,21,17.03,17.02,17.01,17,16.99,71,95,1156,6968,33,0
2007-01-15 10:16:1,17.09,91,155424,17.09,17.1,17.11,17.12,17.13,63,244,21,110,77,17.05,17.03,17.02,17.01,17,55,71,95,1126,6968,1
2007-01-15 10:16:9,17.06,330,564032,17.07,17.08,17.1,17.11,17.12,58,1,45,222,114,17.06,17.05,17.03,17.02,17.01,2,116,133,95,1126,0
2007-01-15 10:16:12,17.07,251,427296,17.07,17.08,17.09,17.1,17.11,32,15,52,108,222,17.03,17.02,17.01,17,16.99,192,95,1138,7045,33,1
2007-01-15 10:16:16,17.06,3541,6067168,17.06,17.1,17.16,17.18,17.2,126,105,15,9,981,17.02,17.01,17,16.99,16.98,95,1200,7062,33,27,1
2007-01-15 10:16:21,17.05,134,228544,17.05,17.06,17.08,17.1,17.15,50,54,2,182,5,17.02,17.01,17,16.99,16.98,95,1209,7062,33,27,1
2007-01-15 10:16:30,17.06,58,98880,17.06,17.07,17.08,17.09,17.1,46,192,2,215,230,17.05,17.02,17.01,17,16.99,71,95,1109,7192,33,1
2007-01-15 10:16:32,17.07,342,583808,17.08,17.09,17.1,17.11,17.15,106,301,392,10,16,17.07,17.05,17.02,17.01,17,19,3,95,4109,7192,0
2007-01-15 10:16:37,17.06,545,928992,17.07,17.08,17.09,17.1,17.11,471,82,149,445,10,17.06,17.05,17.01,17,16.99,75,28,3876,7192,33,0
2007-01-15 10:16:46,17.07,119,203104,17.07,17.08,17.09,17.1,17.11,387,82,149,455,10,17.06,17.05,17.01,17,16.99,55,46,3876,7192,33,1
2007-01-15 10:16:49,17.05,1182,2019520,17.07,17.13,17.15,17.16,17.18,23,2,16,125,109,17.05,17.03,17.02,17.01,17,71,50,1,3878,7192,0
2007-01-15 10:16:51,17,5047,8586656,17.13,17.15,17.16,17.18,17.19,2,21,125,111,323,17,16.99,16.98,16.97,16.96,6559,33,27,108,65,0
2007-01-15 10:16:57,17.06,145,247424,17.1,17.13,17.15,17.16,17.18,56,2,31,135,111,17.09,17.07,17.05,17.04,17.03,10,277,161,52,142,0
2007-01-15 10:17:0,17.08,139,238080,17.1,17.13,17.15,17.16,17.18,78,2,36,135,137,17.09,17.07,17.06,17.05,17.04,1,253,7,174,52,0
2007-01-15 10:17:8,17.07,37,63168,17.08,17.1,17.12,17.13,17.15,11,94,0,2,1036,17.07,17.06,17.05,17.04,17.03,284,7,234,52,142,0
2007-01-15 10:17:12,17.05,569,969920,17.05,17.08,17.1,17.12,17.13,125,6,154,0,2,17.04,17.03,17.02,17.01,17,41,204,155,96,7049,1
2007-01-15 10:17:17,17.08,228,388864,17.08,17.09,17.1,17.12,17.13,193,50,254,0,2,17.04,17.03,17.02,17.01,17,31,204,155,99,7049,1
2007-01-15 10:17:21,17.03,640,1094048,17.07,17.08,17.1,17.12,17.15,129,1,140,10,993,17.03,17.02,17.01,17,16.99,190,155,99,7049,34,0
2007-01-15 10:17:27,17.1,893,1529248,17.15,17.16,17.18,17.19,17.2,530,175,142,623,1912,17.1,17.03,17.02,17.01,17,674,190,155,261,7050,0
2007-01-15 10:17:32,17.1,256,437760,17.14,17.15,17.16,17.18,17.19,5,530,175,152,626,17.1,17.05,17.03,17.02,17.01,428,108,190,155,524,0
2007-01-15 10:17:37,17.1,398,679904,17.13,17.14,17.15,17.16,17.18,500,7,587,175,157,17.1,17.09,17.08,17.05,17.03,40,5,100,113,190,0
2007-01-15 10:17:41,17.08,71,121408,17.1,17.13,17.14,17.15,17.16,10,500,107,592,195,17.08,17.05,17.03,17.02,17.01,101,133,210,155,524,0
2007-01-15 10:17:48,17.08,15,25632,17.09,17.1,17.13,17.14,17.15,3,1594,500,140,617,17.08,17.05,17.03,17.02,17.01,88,145,210,155,594,0
2007-01-15 10:17:51,17.1,84,143616,17.1,17.12,17.13,17.14,17.15,1533,10,700,440,620,17.08,17.05,17.03,17.02,17.01,78,145,210,101,627,1
2007-01-15 10:17:57,17.1,1517,2594016,17.1,17.12,17.13,17.14,17.15,110,10,735,440,620,17.08,17.05,17.03,17.02,17.01,64,186,228,101,722,1
2007-01-15 10:18:1,17.1,387,661824,17.13,17.14,17.15,17.16,17.18,1593,440,733,206,257,17.1,17.08,17.07,17.05,17.04,139,66,13,186,5,0
2007-01-15 10:18:7,17.1,156,266752,17.12,17.13,17.14,17.15,17.16,10,1633,440,753,206,17.1,17.09,17.08,17.07,17.06,887,5,166,13,30,0
2007-01-15 10:18:11,17.1,325,555744,17.12,17.13,17.14,17.15,17.16,10,1633,440,753,206,17.1,17.09,17.08,17.07,17.06,568,5,190,13,30,0
2007-01-15 10:18:19,17.1,232,396736,17.12,17.13,17.14,17.15,17.16,20,1649,440,770,206,17.1,17.09,17.08,17.07,17.06,377,5,190,13,30,0
2007-01-15 10:18:22,17.1,114,195328,17.12,17.13,17.14,17.15,17.16,12,1647,340,790,316,17.1,17.09,17.08,17.07,17.06,315,5,190,13,30,0
2007-01-15 10:18:28,17.09,439,750336,17.1,17.12,17.13,17.14,17.15,339,35,1659,340,785,17.09,17.08,17.07,17.06,17.05,3,209,13,30,191,0
2007-01-15 10:18:30,17.06,461,788416,17.06,17.1,17.11,17.12,17.13,851,306,2,60,1664,17.05,17.04,17.03,17.02,17.01,191,5,214,195,672,1
2007-01-15 10:18:37,17.06,478,815456,17.06,17.08,17.1,17.11,17.12,373,10,1053,30,88,17.05,17.04,17.03,17.02,17.01,191,5,208,195,672,1
2007-01-15 10:18:40,17.1,1658,2833664,17.1,17.12,17.13,17.14,17.15,26,189,1674,340,770,17.09,17.05,17.04,17.03,17.02,4,129,5,208,195,1
2007-01-15 10:18:48,17.1,638,1091808,17.08,17.1,17.12,17.13,17.14,25,209,200,1444,340,17.06,17.05,17.04,17.03,17.02,850,85,5,208,195,0
2007-01-15 10:18:51,17.06,527,899104,17.08,17.1,17.12,17.13,17.14,10,326,230,1599,340,17.06,17.05,17.04,17.03,17.02,338,85,5,370,195,0
2007-01-15 10:18:58,17.1,271,463392,17.09,17.1,17.12,17.13,17.14,1,910,243,1599,340,17.06,17.05,17.04,17.03,17.02,374,147,5,370,195,0
2007-01-15 10:19:1,17.06,2244,3838208,17.06,17.1,17.12,17.13,17.14,156,21,45,905,340,17.05,17.04,17.03,17.02,17.01,140,5,381,195,578,1
2007-01-15 10:19:6,17.1,519,887808,17.1,17.12,17.13,17.14,17.15,77,2,627,337,955,17.06,17.05,17.04,17.03,17.02,65,140,5,543,195,1
2007-01-15 10:19:10,17.06,8,13664,17.09,17.1,17.12,17.13,17.14,15,165,2,627,342,17.06,17.05,17.04,17.03,17.02,69,202,5,543,195,0
2007-01-15 10:19:17,17.06,34,58048,17.09,17.1,17.12,17.13,17.14,25,198,2,634,342,17.06,17.05,17.04,17.03,17.02,52,197,562,543,195,0
2007-01-15 10:19:22,17.09,83,141664,17.09,17.1,17.12,17.13,17.14,12,207,2,634,338,17.05,17.04,17.03,17.02,17.01,196,562,543,195,1122,1
2007-01-15 10:19:28,17.1,74,126368,17.1,17.12,17.13,17.14,17.15,321,7,637,338,1184,17.06,17.05,17.04,17.03,17.02,17,182,562,543,195,1
2007-01-15 10:19:31,17.09,2114,3618784,17.1,17.12,17.13,17.15,17.16,114,40,7,1057,488,17.09,17.07,17.06,17.05,17.04,6,38,142,182,562,0
2007-01-15 10:19:38,17.06,1119,1907616,17.08,17.09,17.1,17.11,17.12,14,5,98,100,95,17.06,17.03,17.02,17.01,17,24,468,195,1560,6071,0
2007-01-15 10:19:42,17.06,541,921792,17.09,17.1,17.11,17.12,17.13,13,182,100,96,19,17.06,17.05,17.03,17.02,17.01,17,92,71,195,1563,0
2007-01-15 10:19:47,17.08,94,160544,17.09,17.1,17.11,17.12,17.13,1,230,100,100,19,17.08,17.06,17.05,17.03,17.02,26,323,132,71,196,0
2007-01-15 10:19:50,17.08,274,468416,17.09,17.1,17.11,17.12,17.13,9,72,100,100,19,17.08,17.06,17.05,17.03,17.02,61,323,154,133,196,0
2007-01-15 10:19:58,17.07,91,155456,17.07,17.08,17.09,17.1,17.11,3,9,44,204,100,17.06,17.05,17.04,17.03,17.02,354,154,91,133,196,1
2007-01-15 10:20:1,17.06,23,39232,17.07,17.08,17.09,17.1,17.11,3,14,116,308,100,17.06,17.05,17.04,17.03,17.02,342,216,101,133,236,0
2007-01-15 10:20:7,17.08,70,119552,17.08,17.09,17.1,17.11,17.12,278,132,334,100,105,17.07,17.06,17.05,17.04,17.03,3,329,228,101,143,1
2007-01-15 10:20:11,17.07,565,965280,17.07,17.08,17.09,17.1,17.11,255,189,10,316,100,17.06,17.05,17.04,17.03,17.02,327,228,101,143,236,1
2007-01-15 10:20:16,17.06,99,168928,17.07,17.08,17.09,17.1,17.11,216,236,30,323,100,17.06,17.05,17.04,17.03,17.02,270,228,101,143,236,0
2007-01-15 10:20:22,17.1,1034,1765024,17.1,17.11,17.12,17.13,17.14,248,100,115,437,23,17.09,17.07,17.05,17.04,17.03,2,260,228,101,143,1
2007-01-15 10:20:30,17.1,822,1404672,17.11,17.12,17.13,17.14,17.15,100,275,437,23,1087,17.1,17.06,17.05,17.04,17.03,7,30,442,101,143,0
2007-01-15 10:20:37,17.07,22,38144,17.09,17.1,17.11,17.12,17.13,20,135,100,278,437,17.07,17.06,17.05,17.04,17.03,98,36,593,101,143,0
2007-01-15 10:20:40,17.09,31,52960,17.09,17.1,17.11,17.12,17.13,10,198,100,288,437,17.07,17.06,17.05,17.04,17.03,107,36,623,101,143,1
2007-01-15 10:20:47,17.1,113,193184,17.1,17.11,17.12,17.13,17.14,166,100,288,437,33,17.07,17.06,17.05,17.04,17.03,241,36,623,101,143,1
2007-01-15 10:20:52,17.15,2063,3534272,17.15,17.16,17.18,17.19,17.2,187,531,303,1157,3110,17.08,17.07,17.06,17.05,17.04,77,236,36,623,101,1
2007-01-15 10:20:58,17.08,15,25632,17.1,17.15,17.16,17.17,17.18,17,188,431,1,298,17.08,17.07,17.06,17.05,17.04,62,241,36,624,101,0
2007-01-15 10:21:1,17.08,56,95712,17.09,17.1,17.11,17.15,17.16,269,262,20,210,431,17.08,17.07,17.06,17.05,17.04,134,257,36,624,101,0
2007-01-15 10:21:7,17.07,306,522816,17.08,17.09,17.1,17.11,17.13,1,127,285,20,50,17.07,17.06,17.05,17.04,17.03,253,41,624,101,179,0
2007-01-15 10:21:14,17.09,25,42688,17.09,17.1,17.11,17.13,17.15,123,317,20,50,210,17.08,17.07,17.06,17.05,17.04,6,233,41,624,101,1
2007-01-15 10:21:17,17.07,586,1001760,17.1,17.11,17.13,17.15,17.16,184,50,50,278,479,17.07,17.06,17.05,17.04,17.03,82,78,1627,101,179,0
2007-01-15 10:21:21,17.08,96,164000,17.08,17.1,17.11,17.12,17.13,172,205,50,13,50,17.07,17.06,17.05,17.04,17.03,82,78,1627,101,179,1
2007-01-15 10:21:27,17.08,510,871744,17.1,17.11,17.12,17.13,17.15,4,50,13,50,323,17.07,17.06,17.05,17.04,17.03,100,78,1627,101,179,0
2007-01-15 10:21:32,17.08,64,109312,17.08,17.09,17.1,17.11,17.12,23,107,4,50,13,17.07,17.06,17.05,17.04,17.03,100,83,1627,101,179,1
2007-01-15 10:21:37,17.08,37,63200,17.08,17.09,17.1,17.11,17.12,39,107,15,50,13,17.07,17.06,17.05,17.04,17.03,100,237,1627,101,179,1
2007-01-15 10:21:41,17.08,22,37568,17.08,17.09,17.1,17.11,17.12,17,107,22,50,13,17.07,17.06,17.05,17.04,17.03,100,396,1627,101,179,1
2007-01-15 10:21:48,17.08,191,326240,17.08,17.09,17.1,17.11,17.12,8,21,52,150,13,17.07,17.06,17.05,17.04,17.03,31,396,1627,101,179,1
2007-01-15 10:21:52,17.1,101,172672,17.11,17.12,17.13,17.15,17.16,150,13,55,507,556,17.1,17.09,17.07,17.06,17.05,24,32,31,396,1627,0
2007-01-15 10:21:56,17.07,2117,3612704,17.07,17.08,17.11,17.12,17.13,14,0,150,18,57,17.06,17.05,17.04,17.03,17.02,20,495,101,179,256,1
2007-01-15 10:22:2,17.08,17,29312,17.1,17.11,17.12,17.13,17.14,2,150,18,57,14,17.08,17.06,17.05,17.04,17.03,796,20,495,101,179,0
2007-01-15 10:22:8,17.11,37,63200,17.11,17.12,17.13,17.14,17.15,171,18,57,14,629,17.08,17.07,17.06,17.05,17.04,864,227,20,495,101,1
2007-01-15 10:22:11,17.08,2070,3550432,17.1,17.18,17.19,17.2,17.21,8,293,1153,3368,29,17.08,17.07,17.06,17.05,17.04,893,227,20,495,101,0
2007-01-15 10:22:18,17.1,1,1696,17.1,17.11,17.15,17.16,17.18,41,300,96,1,343,17.08,17.07,17.06,17.05,17.04,943,233,244,495,101,1
2007-01-15 10:22:20,17.08,45,76864,17.09,17.1,17.11,17.13,17.15,15,518,304,4,96,17.08,17.07,17.06,17.05,17.04,1023,243,313,1495,101,0
2007-01-15 10:22:26,17.09,49,83776,17.1,17.11,17.13,17.15,17.16,499,304,14,96,6,17.09,17.08,17.07,17.06,17.05,64,1035,255,313,1495,0
2007-01-15 10:22:32,17.1,182,310496,17.1,17.11,17.13,17.14,17.15,582,304,14,100,100,17.09,17.08,17.07,17.06,17.05,128,1025,255,313,1495,1
2007-01-15 10:22:37,17.09,17,29056,17.1,17.11,17.13,17.14,17.15,602,301,14,100,100,17.09,17.08,17.07,17.06,17.05,180,1025,255,313,1495,0
2007-01-15 10:22:42,17.1,1932,3311200,17.1,17.19,17.2,17.21,17.22,40,748,3475,34,39,17.09,17.08,17.07,17.06,17.05,439,1035,255,313,1495,1
2007-01-15 10:22:47,17.09,70,119680,17.1,17.11,17.12,17.16,17.19,15,200,24,50,748,17.09,17.08,17.07,17.06,17.05,458,1035,255,313,1495,0
2007-01-15 10:22:50,17.1,4081,7015008,17.15,17.2,17.21,17.22,17.23,5,756,34,39,46,17.1,17.09,17.08,17.07,17.06,90,467,1045,285,313,0
2007-01-15 10:22:58,17.09,180,307744,17.1,17.15,17.18,17.2,17.21,230,19,20,771,34,17.09,17.08,17.07,17.06,17.05,424,1045,285,313,1495,0
2007-01-15 10:23:1,17.09,72,123072,17.1,17.15,17.18,17.19,17.2,200,19,20,100,771,17.09,17.08,17.07,17.06,17.05,402,1029,285,313,1495,0
2007-01-15 10:23:8,17.09,424,725024,17.15,17.18,17.19,17.2,17.21,145,20,100,781,39,17.11,17.09,17.08,17.07,17.06,3,196,1029,275,313,0
2007-01-15 10:23:11,17.09,212,362784,17.09,17.15,17.18,17.19,17.2,803,145,20,100,876,17.08,17.07,17.06,17.05,17.04,1029,275,313,1495,137,1
2007-01-15 10:23:17,17.09,500,854496,17.09,17.1,17.15,17.18,17.19,303,54,175,20,115,17.08,17.07,17.06,17.05,17.04,1029,275,313,1495,137,1
2007-01-15 10:23:21,17.09,98,167488,17.09,17.1,17.15,17.16,17.18,218,108,192,5,120,17.08,17.07,17.06,17.05,17.04,1029,75,313,1495,137,1
2007-01-15 10:23:27,17.1,286,488800,17.1,17.15,17.16,17.18,17.19,82,192,5,100,115,17.08,17.07,17.06,17.05,17.04,1025,63,313,1495,137,1
2007-01-15 10:23:32,17.09,4,6816,17.09,17.1,17.15,17.16,17.18,24,175,192,5,100,17.08,17.07,17.06,17.05,17.04,998,63,313,1495,137,1
2007-01-15 10:23:38,17.09,138,235840,17.1,17.15,17.16,17.18,17.19,185,197,8,104,115,17.09,17.08,17.07,17.06,17.05,551,1005,63,313,495,0
2007-01-15 10:23:41,17.1,255,436064,17.1,17.15,17.16,17.18,17.19,132,217,8,124,115,17.09,17.08,17.07,17.06,17.05,590,1023,63,313,3,1
2007-01-15 10:23:47,17.09,10,17088,17.1,17.15,17.16,17.18,17.19,213,220,8,129,220,17.09,17.08,17.07,17.06,17.05,781,1023,63,313,3,0
2007-01-15 10:23:51,17.1,10,17088,17.1,17.15,17.16,17.18,17.19,232,235,26,137,220,17.09,17.08,17.07,17.06,17.05,781,1023,63,313,3,1
2007-01-15 10:23:58,17.09,1026,1753440,17.09,17.1,17.13,17.14,17.15,1039,259,10,4,235,17.08,17.07,17.06,17.05,17.04,1034,63,313,3,139,1
2007-01-15 10:24:0,17.09,472,806656,17.09,17.1,17.13,17.14,17.15,581,265,10,4,238,17.08,17.07,17.06,17.05,17.04,1030,63,313,3,139,1
2007-01-15 10:24:6,17.09,9,15360,17.09,17.1,17.13,17.14,17.15,577,288,10,9,238,17.08,17.07,17.06,17.05,17.04,1030,63,313,3,139,1
2007-01-15 10:24:11,17.08,586,1001376,17.09,17.1,17.13,17.14,17.15,96,336,10,9,242,17.08,17.07,17.06,17.05,17.04,930,63,313,3,139,0
2007-01-15 10:24:17,17.08,53,90560,17.09,17.1,17.13,17.14,17.15,89,372,10,9,276,17.08,17.07,17.06,17.05,17.04,902,63,313,3,139,0
2007-01-15 10:24:21,17.09,36,61504,17.09,17.1,17.13,17.14,17.15,58,404,10,4,284,17.08,17.07,17.06,17.05,17.04,885,63,316,3,139,1
2007-01-15 10:24:27,17.09,627,1070720,17.09,17.1,17.13,17.14,17.15,1179,412,10,4,284,17.08,17.07,17.06,17.05,17.04,343,63,316,3,139,1
2007-01-15 10:24:33,17.09,237,405024,17.09,17.1,17.13,17.14,17.15,967,473,12,4,284,17.08,17.07,17.06,17.05,17.04,323,63,316,3,139,1
2007-01-15 10:24:37,17.09,79,134976,17.09,17.1,17.13,17.14,17.15,906,561,12,4,284,17.08,17.07,17.06,17.05,17.04,305,63,316,3,139,1
2007-01-15 10:24:42,17.08,746,1274528,17.08,17.09,17.1,17.13,17.14,464,501,561,12,4,17.07,17.06,17.05,17.04,17.03,63,316,3,139,143,1
2007-01-15 10:24:48,17.07,475,811296,17.09,17.1,17.11,17.13,17.14,502,581,1,12,4,17.07,17.06,17.05,17.04,17.03,58,316,3,139,143,0
2007-01-15 10:24:52,17.07,0,0,17.08,17.09,17.1,17.11,17.13,65,520,581,101,52,17.07,17.06,17.05,17.04,17.03,58,316,3,139,143,0
2007-01-15 10:24:57,17.08,10,17088,17.08,17.09,17.1,17.11,17.13,140,523,580,101,52,17.07,17.06,17.05,17.04,17.03,58,316,3,139,143,1
2007-01-15 10:25:0,17.07,39,66592,17.08,17.09,17.1,17.11,17.13,104,536,585,101,52,17.07,17.06,17.05,17.04,17.03,55,316,3,139,146,0
2007-01-15 10:25:8,17.07,105,179296,17.07,17.08,17.09,17.1,17.11,45,149,336,585,101,17.06,17.05,17.04,17.03,17.02,316,3,139,146,189,1
2007-01-15 10:25:12,17.06,137,233920,17.08,17.09,17.1,17.11,17.13,84,336,662,101,52,17.06,17.05,17.04,17.03,17.02,305,3,139,146,189,0
2007-01-15 10:25:18,17.06,0,0,17.07,17.08,17.09,17.1,17.11,5,207,337,662,101,17.06,17.05,17.04,17.03,17.02,305,20,139,146,189,0
2007-01-15 10:25:21,17.06,129,220096,17.07,17.08,17.09,17.1,17.11,31,208,337,667,104,17.06,17.05,17.04,17.03,17.02,200,20,139,146,189,0
2007-01-15 10:25:28,17.06,502,857536,17.09,17.1,17.11,17.12,17.13,127,641,104,5,52,17.06,17.05,17.04,17.03,17.02,198,56,139,146,189,0
2007-01-15 10:25:31,17.06,42,71680,17.08,17.09,17.1,17.11,17.12,23,127,641,104,5,17.06,17.05,17.04,17.03,17.02,159,56,139,146,189,0
2007-01-15 10:25:38,17.06,160,272960,17.06,17.07,17.08,17.09,17.1,745,18,23,127,641,17.05,17.04,17.03,17.02,17.01,56,139,146,189,1792,1
2007-01-15 10:25:42,17.06,11,18752,17.06,17.07,17.08,17.09,17.1,811,39,28,127,641,17.05,17.04,17.03,17.02,17.01,56,137,146,189,1792,1
2007-01-15 10:25:47,17.05,1008,1720128,17.06,17.08,17.09,17.1,17.11,21,5,5,986,134,17.05,17.04,17.03,17.02,17.01,53,137,146,189,1792,0
2007-01-15 10:25:51,17.05,22,37536,17.06,17.08,17.09,17.1,17.11,21,7,20,949,134,17.05,17.04,17.03,17.02,17.01,51,137,146,189,1792,0
2007-01-15 10:25:58,17.06,50,85248,17.06,17.08,17.09,17.1,17.11,12,12,37,946,134,17.05,17.04,17.03,17.02,17.01,1026,137,146,189,1792,1
2007-01-15 10:26:0,17,4832,8222688,17,17.02,17.04,17.06,17.08,283,49,2,70,12,16.99,16.98,16.96,16.95,16.9,39,33,65,4,404,1
2007-01-15 10:26:7,17,0,0,17,17.02,17.04,17.05,17.06,283,49,2,217,71,16.99,16.98,16.96,16.95,16.9,39,33,65,4,404,1
2007-01-15 10:26:11,17,10,17024,17,17.02,17.04,17.05,17.06,273,49,2,543,90,16.99,16.98,16.96,16.95,16.9,39,33,65,4,404,1
2007-01-15 10:26:16,17,11,18688,17,17.02,17.04,17.05,17.06,514,49,2,559,95,16.99,16.98,16.96,16.95,16.9,39,33,65,4,404,1
2007-01-15 10:26:21,16.99,39,66304,17,17.02,17.03,17.04,17.05,477,52,2,2,457,16.99,16.98,16.96,16.95,16.9,37,33,65,4,404,0
2007-01-15 10:26:28,16.99,54,91744,16.99,17,17.02,17.03,17.04,8,570,52,2,2,16.98,16.96,16.95,16.9,16.89,33,65,4,407,94,1
2007-01-15 10:26:33,16.98,718,1219968,16.99,17.02,17.03,17.04,17.05,9,52,2,2,468,16.98,16.96,16.95,16.9,16.89,15,65,4,257,94,0
2007-01-15 10:26:38,17,806,1374464,17,17.09,17.1,17.11,17.12,8,5,925,134,5,16.98,16.96,16.95,16.9,16.89,15,65,4,257,94,1
2007-01-15 10:26:40,16.9,876,1481568,16.9,16.96,16.99,17,17.05,124,48,164,13,10,16.89,16.88,16.87,16.86,16.85,94,272,8,413,11,1
2007-01-15 10:26:46,17,325,550336,17.05,17.09,17.1,17.11,17.12,10,15,949,130,5,17,16.91,16.89,16.88,16.87,1801,178,94,272,8,0
2007-01-15 10:26:50,17,171,290784,17.09,17.1,17.11,17.12,17.13,15,978,130,5,52,17,16.99,16.91,16.89,16.88,1651,5,178,94,272,0
2007-01-15 10:26:58,17,202,343424,17.09,17.1,17.11,17.12,17.13,15,978,130,5,61,17,16.99,16.91,16.89,16.88,1459,5,178,94,272,0
2007-01-15 10:27:2,17,110,186976,17.05,17.09,17.1,17.11,17.12,1,45,978,130,5,17,16.99,16.91,16.9,16.89,1349,5,178,50,94,0
2007-01-15 10:27:7,17,8,13600,17.05,17.09,17.1,17.11,17.12,4,45,983,130,5,17,16.99,16.91,16.9,16.89,1341,5,178,50,94,0
2007-01-15 10:27:10,17,1927,3291904,17.08,17.1,17.11,17.12,17.13,10,2,130,5,61,17,16.99,16.91,16.9,16.89,961,5,178,50,94,0
2007-01-15 10:27:17,17,986,1675552,17,17.05,17.08,17.1,17.11,1078,28,24,33,130,16.99,16.91,16.9,16.89,16.88,5,178,1050,94,272,1
2007-01-15 10:27:20,17,1000,1700000,17,17.05,17.08,17.09,17.1,129,28,24,18,100,16.99,16.91,16.9,16.89,16.88,5,178,1050,94,675,1
2007-01-15 10:27:27,17,6,10208,17,17.05,17.08,17.09,17.1,201,28,24,28,110,16.99,16.91,16.9,16.89,16.88,5,178,1055,94,675,1
2007-01-15 10:27:31,16.91,65,110080,17,17.04,17.05,17.08,17.09,1344,1,88,24,28,16.91,16.9,16.89,16.88,16.87,172,1055,94,675,8,0
2007-01-15 10:27:38,17,10,16992,17,17.04,17.05,17.08,17.09,1359,1,88,24,35,16.91,16.9,16.89,16.88,16.87,172,1055,94,675,8,1
2007-01-15 10:27:41,17,1440,2448640,17.04,17.05,17.08,17.09,17.1,1,88,26,45,122,17,16.91,16.9,16.89,16.88,260,172,1058,94,675,0
2007-01-15 10:27:47,17.05,80,136064,17.05,17.08,17.09,17.1,17.11,89,46,50,137,693,17,16.92,16.91,16.9,16.89,230,5,172,1108,94,1
2007-01-15 10:27:52,17,56,95200,17.05,17.08,17.09,17.1,17.11,89,46,173,192,693,17,16.92,16.91,16.9,16.89,175,5,182,1115,94,0
2007-01-15 10:27:57,17,222,378784,17.09,17.1,17.11,17.12,17.13,153,167,693,28,212,17,16.92,16.91,16.9,16.89,134,5,182,1115,94,0
2007-01-15 10:28:2,17,69,117280,17.04,17.05,17.09,17.1,17.11,6,10,153,217,693,17,16.92,16.91,16.9,16.89,68,5,199,1115,94,0
2007-01-15 10:28:8,17.04,44,75680,17.04,17.05,17.09,17.1,17.11,4,10,153,224,693,17,16.92,16.91,16.9,16.89,26,18,1199,1135,94,1
2007-01-15 10:28:11,17,27,45888,17,17.04,17.05,17.08,17.09,14,3,18,36,153,16.98,16.92,16.91,16.9,16.89,3,64,1199,1173,94,1
2007-01-15 10:28:17,17,0,0,17,17.04,17.05,17.08,17.09,31,3,22,536,159,16.99,16.98,16.92,16.91,16.9,100,3,64,1199,1178,1
2007-01-15 10:28:21,16.99,55,93504,17,17.04,17.05,17.06,17.08,82,3,24,8,536,16.99,16.98,16.92,16.91,16.9,95,3,164,1199,1178,0
2007-01-15 10:28:27,17,607,1035456,17,17.08,17.09,17.1,17.11,40,266,159,315,693,16.99,16.98,16.92,16.91,16.9,45,3,164,1193,1178,1
2007-01-15 10:28:33,17.05,66,112288,17.08,17.09,17.1,17.11,17.12,279,169,328,693,28,17.05,16.99,16.98,16.93,16.92,153,44,3,67,164,0
2007-01-15 10:28:38,17,159,271072,17,17.08,17.09,17.1,17.11,1007,279,169,341,693,16.99,16.98,16.93,16.92,16.91,44,3,67,167,1193,1
2007-01-15 10:28:41,16.92,415,704736,17,17.08,17.09,17.1,17.11,811,279,171,454,693,16.92,16.91,16.9,16.89,16.88,136,1193,1178,94,700,0
2007-01-15 10:28:47,16.95,28,47392,16.95,16.99,17,17.03,17.05,14,1,811,40,36,16.92,16.91,16.9,16.89,16.88,117,1193,1178,94,700,1
2007-01-15 10:28:51,16.95,0,0,16.95,16.99,17,17.03,17.05,14,1,811,40,36,16.92,16.91,16.9,16.89,16.88,117,1192,1178,94,700,1
2007-01-15 10:28:57,17,35,59424,17,17.03,17.05,17.06,17.08,876,40,38,10,279,16.99,16.92,16.91,16.9,16.89,15,217,1192,1178,94,1
2007-01-15 10:28:59,17,527,895488,17,17.03,17.04,17.05,17.06,560,40,16,66,120,16.92,16.91,16.9,16.89,16.88,195,1192,1178,94,700,1
2007-01-15 10:29:8,17,350,594976,16.95,16.99,17,17.03,17.04,10,6,210,40,16,16.92,16.91,16.9,16.89,16.88,206,1192,1178,94,700,0
2007-01-15 10:29:10,17,28,47552,17,17.03,17.04,17.05,17.06,278,40,16,66,120,16.98,16.93,16.92,16.91,16.9,10,6,210,1192,1180,1
2007-01-15 10:29:16,17.04,385,654272,17.04,17.05,17.06,17.08,17.09,14,66,120,285,192,16.95,16.92,16.91,16.9,16.89,22,171,1192,1197,94,1
2007-01-15 10:29:22,16.92,85,143872,16.99,17,17.04,17.05,17.06,2,5,14,66,120,16.92,16.91,16.9,16.89,16.88,108,1055,1197,94,700,0
2007-01-15 10:29:27,16.92,91,154048,16.99,17,17.04,17.05,17.06,1,2,33,66,120,16.95,16.92,16.91,16.9,16.89,131,25,1055,1197,94,0
2007-01-15 10:29:32,17,23,39104,17.01,17.04,17.05,17.06,17.08,5,33,66,130,291,17,16.95,16.92,16.91,16.9,27,223,25,1055,1200,0
2007-01-15 10:29:37,17,29,49280,17,17.01,17.03,17.04,17.05,19,3,24,43,66,16.95,16.92,16.91,16.9,16.89,223,46,1055,1200,94,1
2007-01-15 10:29:40,16.95,46,77984,17,17.01,17.03,17.04,17.05,134,3,24,43,76,16.95,16.92,16.91,16.9,16.89,177,52,1055,1200,94,0
2007-01-15 10:29:47,17.08,550,937536,17.08,17.09,17.1,17.11,17.12,166,192,959,703,29,16.95,16.92,16.91,16.9,16.89,184,52,1055,1200,94,1
2007-01-15 10:29:50,16.95,72,122784,16.99,17,17.05,17.08,17.09,140,11,20,166,192,16.95,16.92,16.91,16.9,16.89,112,53,1055,1200,94,0
2007-01-15 10:29:56,16.99,22,37376,16.98,16.99,17,17.05,17.08,3,118,94,30,166,16.95,16.92,16.91,16.9,16.89,112,53,1055,1200,94,0
2007-01-15 10:30:1,16.99,5,8480,16.99,17,17.05,17.08,17.09,116,94,30,166,192,16.96,16.95,16.92,16.91,16.9,137,126,174,1055,1200,1
2007-01-15 10:30:7,17,250,424992,17,17.05,17.08,17.09,17.1,57,35,166,192,979,16.96,16.95,16.93,16.92,16.91,118,128,15,224,1055,1
2007-01-15 10:30:11,17,7,11872,17,17.02,17.05,17.08,17.09,70,10,37,169,192,16.96,16.95,16.93,16.92,16.91,118,128,15,234,1055,1
2007-01-15 10:30:16,17,127,216000,17.05,17.08,17.09,17.1,17.11,38,175,192,1032,703,17,16.98,16.96,16.95,16.93,463,60,123,128,16,0
2007-01-15 10:30:21,17,145,246752,17.05,17.08,17.09,17.1,17.11,48,206,192,1073,703,17,16.98,16.96,16.95,16.93,318,60,123,553,16,0
2007-01-15 10:30:28,17,769,1312896,17.05,17.08,17.1,17.11,17.12,22,2,898,703,29,17,16.98,16.96,16.95,16.93,199,60,123,553,16,0
2007-01-15 10:30:32,17,162,274880,17.05,17.07,17.08,17.1,17.11,24,100,2,908,703,17,16.99,16.98,16.96,16.95,59,30,60,123,553,0
2007-01-15 10:30:37,17,29,49440,17.05,17.07,17.08,17.1,17.11,35,100,2,923,703,17,16.99,16.98,16.96,16.95,30,30,60,123,553,0
2007-01-15 10:30:42,17,10,16992,17.05,17.07,17.08,17.1,17.11,161,100,2,928,703,17,16.99,16.98,16.96,16.95,208,30,60,123,553,0
2007-01-15 10:30:47,17,5,8512,17.05,17.07,17.08,17.09,17.1,191,100,2,2,938,17,16.99,16.98,16.96,16.95,203,30,60,123,553,0
2007-01-15 10:30:50,17.05,485,827648,17.09,17.1,17.11,17.12,17.13,50,858,703,29,82,17.05,17,16.99,16.98,16.96,117,215,30,60,123,0
2007-01-15 10:30:57,17.05,90,153216,17.09,17.1,17.11,17.12,17.13,173,934,708,29,82,17.05,17,16.99,16.98,16.96,27,225,30,60,123,0
2007-01-15 10:31:0,17,51,87072,17.05,17.09,17.1,17.11,17.12,18,193,934,708,29,17.03,17,16.99,16.98,16.96,16,234,30,85,123,0
2007-01-15 10:31:7,17.09,277,471264,17.09,17.1,17.11,17.12,17.13,196,937,708,29,82,17,16.99,16.98,16.96,16.95,31,50,85,123,471,1
2007-01-15 10:31:11,16.98,90,152928,16.99,17,17.05,17.09,17.1,35,5,55,248,967,16.98,16.96,16.95,16.93,16.92,76,123,5871,16,276,0
2007-01-15 10:31:17,16.98,40,67936,16.99,17,17.03,17.05,17.06,17,218,4,75,100,16.98,16.96,16.95,16.93,16.92,88,123,5871,16,276,0
2007-01-15 10:31:21,17,27,45888,17,17.03,17.05,17.06,17.08,211,14,96,100,10,16.98,16.96,16.95,16.93,16.92,92,123,5871,16,276,1
2007-01-15 10:31:27,17,31,52864,17,17.03,17.05,17.06,17.08,181,67,99,100,687,16.98,16.96,16.95,16.93,16.92,91,123,5871,16,276,1
2007-01-15 10:31:31,16.98,7,11904,17,17.03,17.05,17.06,17.08,176,67,106,100,687,16.99,16.98,16.96,16.95,16.93,20,89,123,5871,16,0
2007-01-15 10:31:38,17,52,87712,17,17.03,17.05,17.06,17.08,126,67,124,100,687,16.99,16.98,16.96,16.95,16.93,18,89,118,5876,16,1
