Time,Price,Volume,Amount,SP1,SP2,SP3,SP4,SP5,SV1,SV2,SV3,SV4,SV5,BP1,BP2,BP3,BP4,BP5,BV1,BV2,BV3,BV4,BV5,isBuy
2020-01-02 09:15:09,3.72,0.000,0.000,3.72,0,0,0,0,5000,758,0,0,0,3.72,0,0,0,0,5000,0,0,0,0,1
2020-01-02 09:15:18,3.71,0.000,0.000,3.71,0,0,0,0,5000,51,0,0,0,3.71,0,0,0,0,5000,0,0,0,0,0
2020-01-02 09:15:45,3.71,0.000,0.000,3.71,0,0,0,0,5000,81,0,0,0,3.71,0,0,0,0,5000,0,0,0,0,1
2020-01-02 09:15:54,3.72,0.000,0.000,3.72,0,0,0,0,5000,888,0,0,0,3.72,0,0,0,0,5000,0,0,0,0,1
2020-01-02 09:16:03,3.71,0.000,0.000,3.71,0,0,0,0,5001,618,0,0,0,3.71,0,0,0,0,5001,0,0,0,0,0
2020-01-02 09:16:12,3.71,0.000,0.000,3.71,0,0,0,0,5001,534,0,0,0,3.71,0,0,0,0,5001,0,0,0,0,1
2020-01-02 09:16:21,3.71,0.000,0.000,3.71,0,0,0,0,5009,710,0,0,0,3.71,0,0,0,0,5009,0,0,0,0,1
2020-01-02 09:16:30,3.71,0.000,0.000,3.71,0,0,0,0,5009,792,0,0,0,3.71,0,0,0,0,5009,0,0,0,0,1
2020-01-02 09:16:39,3.71,0.000,0.000,3.71,0,0,0,0,5009,814,0,0,0,3.71,0,0,0,0,5009,0,0,0,0,1
2020-01-02 09:16:48,3.71,0.000,0.000,3.71,0,0,0,0,5025,873,0,0,0,3.71,0,0,0,0,5025,0,0,0,0,1
2020-01-02 09:16:57,3.71,0.000,0.000,3.71,0,0,0,0,5033,1115,0,0,0,3.71,0,0,0,0,5033,0,0,0,0,1
2020-01-02 09:17:06,3.71,0.000,0.000,3.71,0,0,0,0,5033,1265,0,0,0,3.71,0,0,0,0,5033,0,0,0,0,1
2020-01-02 09:17:15,3.71,0.000,0.000,3.71,0,0,0,0,5033,1328,0,0,0,3.71,0,0,0,0,5033,0,0,0,0,1
2020-01-02 09:17:24,3.71,0.000,0.000,3.71,0,0,0,0,5033,1350,0,0,0,3.71,0,0,0,0,5033,0,0,0,0,1
2020-01-02 09:17:33,3.71,0.000,0.000,3.71,0,0,0,0,5033,1400,0,0,0,3.71,0,0,0,0,5033,0,0,0,0,1
2020-01-02 09:17:42,3.71,0.000,0.000,3.71,0,0,0,0,5033,1396,0,0,0,3.71,0,0,0,0,5033,0,0,0,0,1
2020-01-02 09:17:51,3.71,0.000,0.000,3.71,0,0,0,0,5038,1391,0,0,0,3.71,0,0,0,0,5038,0,0,0,0,1
2020-01-02 09:18:00,3.7,0.000,0.000,3.7,0,0,0,0,5187,52,0,0,0,3.7,0,0,0,0,5187,0,0,0,0,0
2020-01-02 09:18:09,3.7,0.000,0.000,3.7,0,0,0,0,5190,49,0,0,0,3.7,0,0,0,0,5190,0,0,0,0,1
2020-01-02 09:18:18,3.7,0.000,0.000,3.7,0,0,0,0,5190,416,0,0,0,3.7,0,0,0,0,5190,0,0,0,0,1
2020-01-02 09:18:27,3.7,0.000,0.000,3.7,0,0,0,0,5190,588,0,0,0,3.7,0,0,0,0,5190,0,0,0,0,1
2020-01-02 09:18:36,3.7,0.000,0.000,3.7,0,0,0,0,5190,937,0,0,0,3.7,0,0,0,0,5190,0,0,0,0,1
2020-01-02 09:18:45,3.7,0.000,0.000,3.7,0,0,0,0,5328,799,0,0,0,3.7,0,0,0,0,5328,0,0,0,0,1
2020-01-02 09:18:54,3.7,0.000,0.000,3.7,0,0,0,0,5328,1076,0,0,0,3.7,0,0,0,0,5328,0,0,0,0,1
2020-01-02 09:19:03,3.66,0.000,0.000,3.66,0,0,0,0,1324,835,0,0,0,3.66,0,0,0,0,1324,0,0,0,0,0
2020-01-02 09:19:12,3.66,0.000,0.000,3.66,0,0,0,0,1334,825,0,0,0,3.66,0,0,0,0,1334,0,0,0,0,1
2020-01-02 09:19:21,3.66,0.000,0.000,3.66,0,0,0,0,1334,949,0,0,0,3.66,0,0,0,0,1334,0,0,0,0,1
2020-01-02 09:19:39,3.66,0.000,0.000,3.66,0,0,0,0,1334,993,0,0,0,3.66,0,0,0,0,1334,0,0,0,0,1
2020-01-02 09:19:48,3.66,0.000,0.000,3.66,0,0,0,0,1318,1009,0,0,0,3.66,0,0,0,0,1318,0,0,0,0,1
2020-01-02 09:19:57,3.66,0.000,0.000,3.66,0,0,0,0,1498,785,0,0,0,3.66,0,0,0,0,1498,0,0,0,0,1
2020-01-02 09:20:19,3.66,0.000,0.000,3.66,0,0,0,0,1538,864,0,0,0,3.66,0,0,0,0,1538,0,0,0,0,1
2020-01-02 09:20:37,3.66,0.000,0.000,3.66,0,0,0,0,1628,804,0,0,0,3.66,0,0,0,0,1628,0,0,0,0,1
2020-01-02 09:20:46,3.66,0.000,0.000,3.66,0,0,0,0,1629,803,0,0,0,3.66,0,0,0,0,1629,0,0,0,0,1
2020-01-02 09:20:54,3.66,0.000,0.000,3.66,0,0,0,0,1659,773,0,0,0,3.66,0,0,0,0,1659,0,0,0,0,1
2020-01-02 09:21:03,3.66,0.000,0.000,3.66,0,0,0,0,1675,784,0,0,0,3.66,0,0,0,0,1675,0,0,0,0,1
2020-01-02 09:21:12,3.66,0.000,0.000,3.66,0,0,0,0,1729,730,0,0,0,3.66,0,0,0,0,1729,0,0,0,0,1
2020-01-02 09:21:22,3.66,0.000,0.000,3.66,0,0,0,0,1744,726,0,0,0,3.66,0,0,0,0,1744,0,0,0,0,1
2020-01-02 09:21:31,3.66,0.000,0.000,3.66,0,0,0,0,1744,826,0,0,0,3.66,0,0,0,0,1744,0,0,0,0,1
2020-01-02 09:21:48,3.66,0.000,0.000,3.66,0,0,0,0,1844,726,0,0,0,3.66,0,0,0,0,1844,0,0,0,0,1
2020-01-02 09:21:57,3.66,0.000,0.000,3.66,0,0,0,0,1848,722,0,0,0,3.66,0,0,0,0,1848,0,0,0,0,1
2020-01-02 09:22:06,3.66,0.000,0.000,3.66,0,0,0,0,2287,327,0,0,0,3.66,0,0,0,0,2287,0,0,0,0,1
2020-01-02 09:22:15,3.66,0.000,0.000,3.66,0,0,0,0,2487,202,0,0,0,3.66,0,0,0,0,2487,0,0,0,0,1
2020-01-02 09:22:42,3.66,0.000,0.000,3.66,0,0,0,0,2488,201,0,0,0,3.66,0,0,0,0,2488,0,0,0,0,1
2020-01-02 09:22:51,3.66,0.000,0.000,3.66,0,0,0,0,2709,0,0,0,0,3.66,0,0,0,0,2709,70,0,0,0,1
2020-01-02 09:23:00,3.66,0.000,0.000,3.66,0,0,0,0,2709,0,0,0,0,3.66,0,0,0,0,2709,90,0,0,0,1
2020-01-02 09:23:18,3.66,0.000,0.000,3.66,0,0,0,0,2709,0,0,0,0,3.66,0,0,0,0,2709,240,0,0,0,1
2020-01-02 09:23:36,3.66,0.000,0.000,3.66,0,0,0,0,2709,0,0,0,0,3.66,0,0,0,0,2709,249,0,0,0,1
2020-01-02 09:23:45,3.66,0.000,0.000,3.66,0,0,0,0,2787,0,0,0,0,3.66,0,0,0,0,2787,175,0,0,0,1
2020-01-02 09:24:03,3.66,0.000,0.000,3.66,0,0,0,0,2817,0,0,0,0,3.66,0,0,0,0,2817,145,0,0,0,1
2020-01-02 09:24:13,3.66,0.000,0.000,3.66,0,0,0,0,2817,0,0,0,0,3.66,0,0,0,0,2817,149,0,0,0,1
2020-01-02 09:24:21,3.66,0.000,0.000,3.66,0,0,0,0,2971,1933,0,0,0,3.66,0,0,0,0,2971,0,0,0,0,1
2020-01-02 09:24:31,3.66,0.000,0.000,3.66,0,0,0,0,2973,2425,0,0,0,3.66,0,0,0,0,2973,0,0,0,0,1
2020-01-02 09:24:40,3.66,0.000,0.000,3.66,0,0,0,0,3071,2347,0,0,0,3.66,0,0,0,0,3071,0,0,0,0,1
2020-01-02 09:24:49,3.66,0.000,0.000,3.66,0,0,0,0,3116,2602,0,0,0,3.66,0,0,0,0,3116,0,0,0,0,1
2020-01-02 09:24:58,3.66,0.000,0.000,3.66,0,0,0,0,3179,2539,0,0,0,3.66,0,0,0,0,3179,0,0,0,0,1
2020-01-02 09:25:04,3.66,3990.000,1460340.000,3.66,3.67,3.68,3.69,3.7,1728,794,846,1939,3988,3.65,3.64,3.63,3.62,3.61,1392,164,1737,743,2195,1
2020-01-02 09:30:03,3.65,3794.000,1387459.000,3.66,3.67,3.68,3.69,3.7,390,1192,2751,3715,4431,3.65,3.64,3.63,3.62,3.61,1430,1766,2655,1884,2585,0
2020-01-02 09:30:06,3.66,877.000,320587.000,3.66,3.67,3.68,3.69,3.7,175,1335,3308,4402,4638,3.65,3.64,3.63,3.62,3.61,1235,2855,2772,1979,2787,1
2020-01-02 09:30:09,3.66,0.000,0.000,3.66,3.67,3.68,3.69,3.7,175,1335,3308,4402,4638,3.65,3.64,3.63,3.62,3.61,1235,2855,2772,1979,2787,1
2020-01-02 09:30:09,3.66,209.000,76413.000,3.67,3.68,3.69,3.7,3.71,1483,3435,4525,4822,2563,3.66,3.65,3.64,3.63,3.62,104,1297,3110,2989,2034,1
2020-01-02 09:30:12,3.66,781.000,285236.000,3.67,3.68,3.69,3.7,3.71,1483,3435,4525,4872,2563,3.66,3.65,3.64,3.63,3.62,12,681,3140,2989,2034,0
2020-01-02 09:30:15,3.66,41.000,15006.000,3.67,3.68,3.69,3.7,3.71,1483,3451,4525,4900,2563,3.66,3.65,3.64,3.63,3.62,142,412,3165,2989,2034,0
2020-01-02 09:30:17,3.66,0.000,0.000,3.67,3.68,3.69,3.7,3.71,1483,3451,4525,4900,2563,3.66,3.65,3.64,3.63,3.62,142,412,3165,2989,2034,0
2020-01-02 09:30:18,3.66,108.000,39528.000,3.67,3.68,3.69,3.7,3.71,1483,3451,4525,4900,2581,3.66,3.65,3.64,3.63,3.62,49,411,3165,2989,2034,0
2020-01-02 09:30:21,3.66,76.000,27816.000,3.67,3.68,3.69,3.7,3.71,1533,3455,4525,4902,2581,3.66,3.65,3.64,3.63,3.62,8,425,3239,2989,2034,0
2020-01-02 09:30:24,3.66,9.000,3375.000,3.66,3.67,3.68,3.69,3.7,446,1633,3455,4525,4902,3.65,3.64,3.63,3.62,3.61,562,3239,2989,2034,2887,0
2020-01-02 09:30:27,3.66,0.000,0.000,3.66,3.67,3.68,3.69,3.7,66,1633,3455,4555,4902,3.65,3.64,3.63,3.62,3.61,607,3239,2989,2034,2887,1
2020-01-02 09:30:30,3.67,68.000,24889.000,3.67,3.68,3.69,3.7,3.71,1731,3455,4555,4902,2563,3.65,3.64,3.63,3.62,3.61,745,3239,2989,2034,2942,1
2020-01-02 09:30:33,3.67,0.000,0.000,3.67,3.68,3.69,3.7,3.71,1792,3455,4575,4917,2563,3.66,3.65,3.64,3.63,3.62,277,781,3239,2989,2034,1
2020-01-02 09:30:36,3.67,414.000,151629.000,3.67,3.68,3.69,3.7,3.71,1787,3455,5295,4917,2563,3.66,3.65,3.64,3.63,3.62,6,780,3239,2989,2034,1
2020-01-02 09:30:39,3.66,13.000,4758.000,3.66,3.67,3.68,3.69,3.7,197,1788,3455,5295,4917,3.65,3.64,3.63,3.62,3.61,775,3239,2989,2034,2942,0
2020-01-02 09:30:42,3.65,281.000,102575.000,3.66,3.67,3.68,3.69,3.7,402,1788,3455,5295,4917,3.65,3.64,3.63,3.62,3.61,506,3239,3009,2034,2942,0
2020-01-02 09:30:45,3.66,31.000,11346.000,3.66,3.67,3.68,3.69,3.7,372,1788,3455,5295,4917,3.65,3.64,3.63,3.62,3.61,545,3239,3009,2034,2942,1
2020-01-02 09:30:48,3.66,30.000,10980.000,3.66,3.67,3.68,3.69,3.7,354,1788,3514,5301,4917,3.65,3.64,3.63,3.62,3.61,610,3468,2853,2034,2942,1
2020-01-02 09:30:51,3.66,338.000,123382.000,3.66,3.67,3.68,3.69,3.7,398,1788,3514,5351,4917,3.65,3.64,3.63,3.62,3.61,284,3468,2953,2034,2942,1
2020-01-02 09:30:54,3.66,1110.000,404484.000,3.65,3.66,3.67,3.68,3.69,5,549,1788,3514,5351,3.64,3.63,3.62,3.61,3.6,2722,3243,2034,2942,1858,1
2020-01-02 09:30:57,3.66,321.000,117481.000,3.66,3.67,3.68,3.69,3.7,384,1788,3514,5351,4317,3.65,3.64,3.63,3.62,3.61,10,2722,3243,2034,2981,1
2020-01-02 09:31:00,3.66,10.000,3660.000,3.66,3.67,3.68,3.69,3.7,374,1815,3514,5351,4317,3.65,3.64,3.63,3.62,3.61,26,2722,3243,2034,2981,1
2020-01-02 09:31:03,3.65,93.000,33945.000,3.66,3.67,3.68,3.69,3.7,536,1815,3514,5351,4332,3.65,3.64,3.63,3.62,3.61,17,2722,3243,2034,2981,0
2020-01-02 09:31:06,3.66,15.000,5490.000,3.66,3.67,3.68,3.69,3.7,632,1815,3514,5951,4332,3.65,3.64,3.63,3.62,3.61,17,2722,3243,2034,2981,1
2020-01-02 09:31:09,3.65,117.000,42705.000,3.65,3.66,3.67,3.68,3.69,197,1002,1824,3514,5951,3.64,3.63,3.62,3.61,3.6,2822,3293,2034,2981,1858,0
2020-01-02 09:31:12,3.66,217.000,79225.000,3.66,3.67,3.68,3.69,3.7,982,1844,3514,5941,4362,3.65,3.64,3.63,3.62,3.61,47,2822,3293,2034,2981,1
2020-01-02 09:31:15,3.65,57.000,20805.000,3.65,3.66,3.67,3.68,3.69,43,1014,1844,3514,5941,3.64,3.63,3.62,3.61,3.6,2822,3322,2034,2981,1856,0
2020-01-02 09:31:18,3.66,126.000,46073.000,3.66,3.67,3.68,3.69,3.7,951,1804,3594,5941,3463,3.65,3.64,3.63,3.62,3.61,8,2822,3322,2034,2981,1
2020-01-02 09:31:21,3.66,21.000,7685.000,3.66,3.67,3.68,3.69,3.7,1104,1804,3594,5941,3463,3.65,3.64,3.63,3.62,3.61,72,2822,3322,2034,2981,1
2020-01-02 09:31:24,3.65,31.000,11315.000,3.66,3.67,3.68,3.69,3.7,1310,1804,3649,5941,3463,3.65,3.64,3.63,3.62,3.61,205,2862,3322,2034,2981,0
2020-01-02 09:31:30,3.66,10.000,3660.000,3.66,3.67,3.68,3.69,3.7,1289,2688,3749,5926,3463,3.65,3.64,3.63,3.62,3.61,497,3137,3465,2034,2981,1
2020-01-02 09:31:33,3.66,8.000,2928.000,3.66,3.67,3.68,3.69,3.7,1281,2688,3749,5394,3496,3.65,3.64,3.63,3.62,3.61,500,3137,3465,2034,2981,1
2020-01-02 09:31:36,3.66,3.000,1098.000,3.66,3.67,3.68,3.69,3.7,1278,2688,3749,5394,3496,3.65,3.64,3.63,3.62,3.61,501,3137,3465,2047,2981,1
2020-01-02 09:31:39,3.66,78.000,28478.000,3.66,3.67,3.68,3.69,3.7,1270,2693,3759,5394,3510,3.65,3.64,3.63,3.62,3.61,434,3137,3465,2047,2981,1
2020-01-02 09:31:45,3.65,119.000,43535.000,3.66,3.67,3.68,3.69,3.7,1470,2754,3809,5394,3510,3.65,3.64,3.63,3.62,3.61,592,3137,3465,2147,2981,0
2020-01-02 09:31:54,3.65,37.000,13505.000,3.66,3.67,3.68,3.69,3.7,7476,2754,3853,5394,3510,3.65,3.64,3.63,3.62,3.61,637,3137,3465,2147,2981,0
2020-01-02 09:31:57,3.65,120.000,43800.000,3.66,3.67,3.68,3.69,3.7,7795,2754,3853,5394,3510,3.65,3.64,3.63,3.62,3.61,526,3137,3465,2147,2981,0
2020-01-02 09:32:00,3.65,456.000,166465.000,3.66,3.67,3.68,3.69,3.7,7790,2754,3918,5403,3510,3.65,3.64,3.63,3.62,3.61,95,3137,3465,2147,2981,0
2020-01-02 09:32:03,3.65,114.000,41593.000,3.66,3.67,3.68,3.69,3.7,7790,2754,3918,5403,3570,3.65,3.64,3.63,3.62,3.61,18,3120,3465,2243,2981,0
2020-01-02 09:32:06,3.65,25.000,9125.000,3.65,3.66,3.67,3.68,3.69,68,7800,2754,3918,5403,3.64,3.63,3.62,3.61,3.6,3120,3465,2243,2981,1861,0
2020-01-02 09:32:09,3.65,90.000,32850.000,3.66,3.67,3.68,3.69,3.7,7937,2840,3918,5403,3570,3.65,3.64,3.63,3.62,3.61,145,3120,3465,2243,2981,1
2020-01-02 09:32:12,3.66,161.000,58926.000,3.66,3.67,3.68,3.69,3.7,7776,2840,3918,5415,3600,3.65,3.64,3.63,3.62,3.61,300,3144,3465,2243,2981,1
2020-01-02 09:32:15,3.66,8.000,2928.000,3.66,3.67,3.68,3.69,3.7,8018,2840,3918,5415,3600,3.65,3.64,3.63,3.62,3.61,300,2903,3465,2243,2981,1
2020-01-02 09:32:18,3.65,47.000,17155.000,3.66,3.67,3.68,3.69,3.7,8118,2840,3948,5415,3600,3.65,3.64,3.63,3.62,3.61,380,2878,3465,2243,2981,0
2020-01-02 09:32:21,3.65,241.000,87965.000,3.66,3.67,3.68,3.69,3.7,8303,2840,3964,5415,3608,3.65,3.64,3.63,3.62,3.61,141,2878,3528,2243,2981,0
2020-01-02 09:32:24,3.65,72.000,26280.000,3.66,3.67,3.68,3.69,3.7,8303,2832,3964,5415,3608,3.65,3.64,3.63,3.62,3.61,75,2878,3628,2243,2981,0
2020-01-02 09:32:30,3.65,143.000,52217.000,3.66,3.67,3.68,3.69,3.7,8531,2854,3967,5415,3593,3.65,3.64,3.63,3.62,3.61,43,2888,3628,2243,2981,0
2020-01-02 09:32:39,3.65,100.000,36500.000,3.66,3.67,3.68,3.69,3.7,8778,3044,3967,5415,3397,3.65,3.64,3.63,3.62,3.61,19,2915,3628,2243,2981,0
2020-01-02 09:32:42,3.65,61.000,22266.000,3.66,3.67,3.68,3.69,3.7,8886,3044,3967,5415,3397,3.65,3.64,3.63,3.62,3.61,34,2915,3628,2243,2981,0
2020-01-02 09:32:45,3.65,185.000,67525.000,3.66,3.67,3.68,3.69,3.7,8886,3154,3997,5423,3397,3.65,3.64,3.63,3.62,3.61,570,2915,3743,2243,2981,0
2020-01-02 09:32:48,3.65,29.000,10585.000,3.66,3.67,3.68,3.69,3.7,8886,3154,3997,5423,3397,3.65,3.64,3.63,3.62,3.61,548,2915,3743,2243,2982,0
2020-01-02 09:32:51,3.66,541.000,197466.000,3.66,3.67,3.68,3.69,3.7,8900,3154,3997,5423,3397,3.65,3.64,3.63,3.62,3.61,38,2915,3743,2243,2982,1
2020-01-02 09:32:54,3.65,50.000,18257.000,3.65,3.66,3.67,3.68,3.69,156,8883,3154,3997,5423,3.64,3.63,3.62,3.61,3.6,2915,3854,2243,2782,2182,0
2020-01-02 09:32:57,3.65,42.000,15330.000,3.65,3.66,3.67,3.68,3.69,404,8863,3154,3897,5423,3.64,3.63,3.62,3.61,3.6,2920,3854,2250,2782,2182,1
2020-01-02 09:33:00,3.65,96.000,35040.000,3.65,3.66,3.67,3.68,3.69,314,8873,3454,3897,5610,3.64,3.63,3.62,3.61,3.6,2927,3854,2250,2782,2282,1
2020-01-02 09:33:03,3.65,5.000,1825.000,3.65,3.66,3.67,3.68,3.69,309,8883,3454,3897,5584,3.64,3.63,3.62,3.61,3.6,3071,3854,2250,2782,2282,1
2020-01-02 09:33:06,3.65,44.000,16060.000,3.65,3.66,3.67,3.68,3.69,278,8898,3636,4197,5584,3.64,3.63,3.62,3.61,3.6,3074,3933,2250,2782,2282,1
2020-01-02 09:33:09,3.64,778.000,283193.000,3.65,3.66,3.67,3.68,3.69,401,8814,3636,4197,5584,3.64,3.63,3.62,3.61,3.6,2340,3933,2250,2782,2382,0
2020-01-02 09:33:12,3.65,201.000,73364.000,3.65,3.66,3.67,3.68,3.69,206,8794,3859,4197,5584,3.64,3.63,3.62,3.61,3.6,2350,3933,2255,2782,2382,1
2020-01-02 09:33:18,3.64,158.000,57512.000,3.65,3.66,3.67,3.68,3.69,387,8845,3859,4197,5584,3.64,3.63,3.62,3.61,3.6,2501,3933,2228,2782,2394,0
2020-01-02 09:33:21,3.64,169.000,61530.000,3.65,3.66,3.67,3.68,3.69,419,8845,3995,4197,5684,3.64,3.63,3.62,3.61,3.6,2350,3933,2228,2782,2394,0
2020-01-02 09:33:24,3.64,29.000,10556.000,3.65,3.66,3.67,3.68,3.69,419,8845,3995,5523,5684,3.64,3.63,3.62,3.61,3.6,2421,3933,2228,2782,2394,0
2020-01-02 09:33:27,3.65,414.000,151110.000,3.66,3.67,3.68,3.69,3.7,8845,4229,5523,5684,3460,3.65,3.64,3.63,3.62,3.61,210,2427,3933,2228,2782,1
2020-01-02 09:33:30,3.65,497.000,181405.000,3.65,3.66,3.67,3.68,3.69,3209,8845,4229,5523,5684,3.64,3.63,3.62,3.61,3.6,2424,3933,2228,2782,2394,0
2020-01-02 09:33:33,3.65,259.000,94535.000,3.65,3.66,3.67,3.68,3.69,3072,8845,4229,5523,5684,3.64,3.63,3.62,3.61,3.6,2475,3933,2228,2782,2394,1
2020-01-02 09:33:36,3.65,6.000,2189.000,3.65,3.66,3.67,3.68,3.69,3151,8845,4343,5523,5694,3.64,3.63,3.62,3.61,3.6,2488,3934,2228,2782,2394,1
2020-01-02 09:33:42,3.65,42.000,15330.000,3.65,3.66,3.67,3.68,3.69,3164,8962,4343,5502,5694,3.64,3.63,3.62,3.61,3.6,2527,4169,2366,2782,2394,1
2020-01-02 09:33:48,3.65,27.000,9831.000,3.65,3.66,3.67,3.68,3.69,2661,9589,4343,5502,5744,3.64,3.63,3.62,3.61,3.6,2594,4163,2366,2801,2227,1
2020-01-02 09:33:54,3.65,30.000,10950.000,3.65,3.66,3.67,3.68,3.69,2684,9589,4333,5583,5744,3.64,3.63,3.62,3.61,3.6,2667,4164,2366,2801,2247,1
2020-01-02 09:33:57,3.64,1.000,364.000,3.65,3.66,3.67,3.68,3.69,2684,9589,4391,5583,5744,3.64,3.63,3.62,3.61,3.6,2669,4164,2366,2801,2247,0
2020-01-02 09:34:03,3.64,20.000,7280.000,3.65,3.66,3.67,3.68,3.69,2684,9709,4391,5583,5744,3.64,3.63,3.62,3.61,3.6,2800,4165,2366,2801,2267,0
2020-01-02 09:34:06,3.64,20.000,7280.000,3.65,3.66,3.67,3.68,3.69,2694,9709,4391,5583,5744,3.64,3.63,3.62,3.61,3.6,2790,4170,2366,2801,2267,0
2020-01-02 09:34:09,3.64,9.000,3276.000,3.65,3.66,3.67,3.68,3.69,2694,9729,4391,5583,5744,3.64,3.63,3.62,3.61,3.6,2761,4170,2386,2801,2267,0
2020-01-02 09:34:15,3.64,1.000,364.000,3.65,3.66,3.67,3.68,3.69,2732,9729,4391,5583,5994,3.64,3.63,3.62,3.61,3.6,2751,4270,2386,2801,2267,0
2020-01-02 09:34:18,3.65,35.000,12770.000,3.65,3.66,3.67,3.68,3.69,2725,9729,4388,5583,5994,3.64,3.63,3.62,3.61,3.6,2746,4270,2436,2801,2267,1
2020-01-02 09:34:21,3.65,50.000,18250.000,3.65,3.66,3.67,3.68,3.69,2675,9729,4536,5583,5994,3.64,3.63,3.62,3.61,3.6,2796,4270,2436,2801,2267,1
2020-01-02 09:34:24,3.64,20.000,7280.000,3.65,3.66,3.67,3.68,3.69,2683,10001,4536,5583,5994,3.64,3.63,3.62,3.61,3.6,2835,4270,2336,2801,2267,0
2020-01-02 09:34:27,3.65,277.000,101105.000,3.65,3.66,3.67,3.68,3.69,2441,10837,4536,5593,5994,3.64,3.63,3.62,3.61,3.6,2835,4270,2336,2801,2267,1
2020-01-02 09:34:30,3.64,2.000,728.000,3.65,3.66,3.67,3.68,3.69,2613,10848,4536,5593,5994,3.64,3.63,3.62,3.61,3.6,2873,4270,2336,2801,2267,0
2020-01-02 09:34:33,3.65,61.000,22214.000,3.65,3.66,3.67,3.68,3.69,2626,10848,4685,5608,5994,3.64,3.63,3.62,3.61,3.6,2852,4270,2336,2801,2267,1
2020-01-02 09:34:42,3.64,77.000,28028.000,3.65,3.66,3.67,3.68,3.69,2746,10948,4666,5608,5937,3.64,3.63,3.62,3.61,3.6,2776,3656,2336,2801,2267,0
2020-01-02 09:34:45,3.65,392.000,143080.000,3.65,3.66,3.67,3.68,3.69,2606,10948,4666,5628,5937,3.64,3.63,3.62,3.61,3.6,2840,3659,2336,2801,2267,1
2020-01-02 09:34:48,3.64,161.000,58611.000,3.65,3.66,3.67,3.68,3.69,2669,10948,4666,5628,5937,3.64,3.63,3.62,3.61,3.6,2710,3759,2336,2801,2267,0
2020-01-02 09:34:54,3.65,5.000,1825.000,3.65,3.66,3.67,3.68,3.69,2664,11001,4666,5628,5937,3.64,3.63,3.62,3.61,3.6,3359,3769,2336,2801,2267,1
2020-01-02 09:35:00,3.64,4.000,1456.000,3.65,3.66,3.67,3.68,3.69,3528,11028,4686,5628,5937,3.64,3.63,3.62,3.61,3.6,3374,3769,2336,2801,2267,0
2020-01-02 09:35:03,3.65,2774.000,1012476.000,3.65,3.66,3.67,3.68,3.69,972,11028,4686,5628,6695,3.64,3.63,3.62,3.61,3.6,3463,3769,2336,2801,2269,1
2020-01-02 09:35:06,3.64,15.000,5460.000,3.65,3.66,3.67,3.68,3.69,992,11008,4713,5269,6695,3.64,3.63,3.62,3.61,3.6,3662,3769,2336,2801,2269,0
2020-01-02 09:35:21,3.65,33.000,12017.000,3.65,3.66,3.67,3.68,3.69,1584,11008,3829,5269,6695,3.64,3.63,3.62,3.61,3.6,3997,3779,2468,2801,2267,1
2020-01-02 09:35:24,3.65,20.000,7300.000,3.65,3.66,3.67,3.68,3.69,1664,11008,3849,5269,6715,3.64,3.63,3.62,3.61,3.6,4167,4079,2473,2801,2267,1
2020-01-02 09:35:27,3.65,54.000,19710.000,3.65,3.66,3.67,3.68,3.69,1628,11008,3849,5269,6715,3.64,3.63,3.62,3.61,3.6,4167,4089,2473,2801,2267,1
2020-01-02 09:35:30,3.65,11.000,4014.000,3.65,3.66,3.67,3.68,3.69,1618,11008,3849,5269,6715,3.64,3.63,3.62,3.61,3.6,4166,4089,2473,2821,2317,1
2020-01-02 09:35:33,3.65,30.000,10950.000,3.65,3.66,3.67,3.68,3.69,1708,11008,3849,5269,6706,3.64,3.63,3.62,3.61,3.6,4242,4116,2473,2821,2317,1
2020-01-02 09:35:36,3.64,28.000,10192.000,3.65,3.66,3.67,3.68,3.69,1711,11008,3849,5269,6706,3.64,3.63,3.62,3.61,3.6,5214,4116,2473,2821,2317,0
2020-01-02 09:35:45,3.64,54.000,19656.000,3.65,3.66,3.67,3.68,3.69,2787,11008,3849,5269,6716,3.64,3.63,3.62,3.61,3.6,5300,4196,2468,2821,2317,0
2020-01-02 09:36:00,3.64,47.000,17153.000,3.65,3.66,3.67,3.68,3.69,4591,11066,3849,5269,6175,3.64,3.63,3.62,3.61,3.6,5524,4218,2556,2821,2321,0
2020-01-02 09:36:03,3.65,530.000,193370.000,3.65,3.66,3.67,3.68,3.69,4141,11077,3849,5269,6175,3.64,3.63,3.62,3.61,3.6,5444,4199,2556,2821,2321,1
2020-01-02 09:36:09,3.64,100.000,36400.000,3.65,3.66,3.67,3.68,3.69,4418,11194,4149,5269,6175,3.64,3.63,3.62,3.61,3.6,5346,4254,2585,2821,2321,0
2020-01-02 09:36:12,3.65,28.000,10220.000,3.65,3.66,3.67,3.68,3.69,4390,11194,4149,5269,6175,3.64,3.63,3.62,3.61,3.6,5348,4254,2585,2821,2321,1
2020-01-02 09:36:21,3.65,46.000,16790.000,3.65,3.66,3.67,3.68,3.69,4381,11194,4149,5266,6175,3.64,3.63,3.62,3.61,3.6,5322,4313,2585,2821,2321,1
2020-01-02 09:36:25,3.65,1.000,365.000,3.65,3.66,3.67,3.68,3.69,4419,11194,4158,5266,6175,3.64,3.63,3.62,3.61,3.6,5322,4313,2585,2840,2341,1
2020-01-02 09:36:27,3.64,30.000,10920.000,3.65,3.66,3.67,3.68,3.69,4419,11293,4158,5266,6175,3.64,3.63,3.62,3.61,3.6,5343,4313,2669,2840,2341,0
2020-01-02 09:36:30,3.64,64.000,23296.000,3.65,3.66,3.67,3.68,3.69,3564,11493,4158,5266,6155,3.64,3.63,3.62,3.61,3.6,5311,4313,2669,2840,2341,0
2020-01-02 09:36:33,3.64,6.000,2184.000,3.65,3.66,3.67,3.68,3.69,3463,11493,4158,5266,6155,3.64,3.63,3.62,3.61,3.6,5305,4313,2669,2840,2341,0
2020-01-02 09:36:39,3.64,35.000,12745.000,3.65,3.66,3.67,3.68,3.69,3468,11493,4158,5266,6155,3.64,3.63,3.62,3.61,3.6,5175,4254,2669,2840,2341,0
2020-01-02 09:36:42,3.64,3.000,1092.000,3.65,3.66,3.67,3.68,3.69,4223,12377,4158,5267,6155,3.64,3.63,3.62,3.61,3.6,5172,4254,2669,2840,2341,0
2020-01-02 09:36:45,3.64,3.000,1092.000,3.65,3.66,3.67,3.68,3.69,4574,12377,4158,5267,6155,3.64,3.63,3.62,3.61,3.6,5169,4254,2669,2840,2360,0
2020-01-02 09:36:51,3.65,103.000,37592.000,3.65,3.66,3.67,3.68,3.69,4602,12377,4158,5267,6155,3.64,3.63,3.62,3.61,3.6,5124,4254,2669,2840,2401,1
2020-01-02 09:36:57,3.64,200.000,72800.000,3.65,3.66,3.67,3.68,3.69,4646,12402,4158,5267,6155,3.64,3.63,3.62,3.61,3.6,5431,4754,2649,2843,2401,0
2020-01-02 09:37:00,3.64,121.000,44044.000,3.65,3.66,3.67,3.68,3.69,4996,12403,4158,5267,6155,3.64,3.63,3.62,3.61,3.6,5485,4754,2649,2843,2401,0
2020-01-02 09:37:03,3.65,30.000,10950.000,3.65,3.66,3.67,3.68,3.69,4966,11567,4138,5347,6155,3.64,3.63,3.62,3.61,3.6,5489,4754,2649,2843,2381,1
2020-01-02 09:37:07,3.64,32.000,11678.000,3.65,3.66,3.67,3.68,3.69,4936,11567,4138,5347,6175,3.64,3.63,3.62,3.61,3.6,5589,4754,2517,2843,2381,0
2020-01-02 09:37:12,3.65,99.000,36055.000,3.65,3.66,3.67,3.68,3.69,4789,11567,4138,5347,6175,3.64,3.63,3.62,3.61,3.6,5551,4754,2547,2843,2510,1
2020-01-02 09:37:19,3.65,18.000,6553.000,3.65,3.66,3.67,3.68,3.69,4768,11610,4138,5347,6175,3.64,3.63,3.62,3.61,3.6,5673,4785,2547,2843,2530,1
2020-01-02 09:37:21,3.65,130.000,47450.000,3.65,3.66,3.67,3.68,3.69,4662,11610,4138,5347,6175,3.64,3.63,3.62,3.61,3.6,5722,4785,2547,2843,2530,1
2020-01-02 09:37:24,3.64,8.000,2913.000,3.65,3.66,3.67,3.68,3.69,4661,11610,4138,5347,6175,3.64,3.63,3.62,3.61,3.6,6278,4791,2547,2843,2530,0
2020-01-02 09:37:27,3.64,7.000,2548.000,3.65,3.66,3.67,3.68,3.69,4661,11610,4138,5347,6175,3.64,3.63,3.62,3.61,3.6,6271,4811,2547,2843,2530,0
2020-01-02 09:37:30,3.65,105.000,38325.000,3.65,3.66,3.67,3.68,3.69,4606,11610,4138,5347,6175,3.64,3.63,3.62,3.61,3.6,6274,4811,2547,2843,2530,1
2020-01-02 09:37:33,3.64,40.000,14560.000,3.65,3.66,3.67,3.68,3.69,4636,11624,4138,5347,6175,3.64,3.63,3.62,3.61,3.6,6275,4831,2547,2843,2530,0
2020-01-02 09:37:42,3.65,44.000,16060.000,3.65,3.66,3.67,3.68,3.69,4684,11624,4126,5347,6175,3.64,3.63,3.62,3.61,3.6,5969,4851,2447,2840,2295,1
2020-01-02 09:37:48,3.65,10.000,3650.000,3.65,3.66,3.67,3.68,3.69,4749,10736,4126,5256,6175,3.64,3.63,3.62,3.61,3.6,6338,4801,2477,2840,2275,1
2020-01-02 09:38:01,3.64,2.000,728.000,3.65,3.66,3.67,3.68,3.69,4909,10564,4126,5256,6075,3.64,3.63,3.62,3.61,3.6,6762,4801,2477,2840,2275,0
2020-01-02 09:38:09,3.65,30.000,10950.000,3.65,3.66,3.67,3.68,3.69,4827,10564,4231,5256,6075,3.64,3.63,3.62,3.61,3.6,6893,4801,2477,2840,2275,1
2020-01-02 09:38:15,3.65,27.000,9855.000,3.65,3.66,3.67,3.68,3.69,4800,10754,4231,5256,6075,3.64,3.63,3.62,3.61,3.6,6897,4801,2477,2811,2285,1
2020-01-02 09:38:18,3.65,13.000,4745.000,3.65,3.66,3.67,3.68,3.69,4837,10756,4231,5256,6075,3.64,3.63,3.62,3.61,3.6,6903,4801,2477,2811,2362,1
2020-01-02 09:38:21,3.65,249.000,90885.000,3.65,3.66,3.67,3.68,3.69,4588,10756,4231,5256,6075,3.64,3.63,3.62,3.61,3.6,6903,4801,2507,2811,2362,1
2020-01-02 09:38:27,3.65,23.000,8395.000,3.65,3.66,3.67,3.68,3.69,4565,10776,4236,5256,6063,3.64,3.63,3.62,3.61,3.6,6915,4801,2627,2811,2366,1
2020-01-02 09:38:30,3.65,10.000,3650.000,3.65,3.66,3.67,3.68,3.69,4557,10406,4306,5256,6063,3.64,3.63,3.62,3.61,3.6,6417,4801,2627,2811,2366,1
2020-01-02 09:38:39,3.65,779.000,284335.000,3.65,3.66,3.67,3.68,3.69,3830,10406,4301,5256,6063,3.64,3.63,3.62,3.61,3.6,6896,4861,2627,2811,2366,1
2020-01-02 09:38:42,3.65,100.000,36500.000,3.65,3.66,3.67,3.68,3.69,3740,10406,4293,5256,6063,3.64,3.63,3.62,3.61,3.6,6896,4861,2627,2811,2366,1
2020-01-02 09:38:48,3.65,26.000,9490.000,3.65,3.66,3.67,3.68,3.69,3714,10433,4293,5277,6063,3.64,3.63,3.62,3.61,3.6,6976,4861,2672,2811,2366,1
2020-01-02 09:38:51,3.65,35.000,12775.000,3.65,3.66,3.67,3.68,3.69,3679,10433,4286,5277,6063,3.64,3.63,3.62,3.61,3.6,7046,4861,2672,2811,2366,1
2020-01-02 09:38:57,3.65,35.000,12775.000,3.65,3.66,3.67,3.68,3.69,3659,10433,4286,5277,6063,3.64,3.63,3.62,3.61,3.6,7052,4864,2673,2811,2366,1
2020-01-02 09:39:00,3.64,62.000,22578.000,3.65,3.66,3.67,3.68,3.69,3649,10441,4286,5277,6063,3.64,3.63,3.62,3.61,3.6,7010,4864,2673,2811,2366,0
2020-01-02 09:39:03,3.65,38.000,13862.000,3.65,3.66,3.67,3.68,3.69,3730,10454,4286,5277,6063,3.64,3.63,3.62,3.61,3.6,7002,4864,2673,2811,2366,1
2020-01-02 09:39:06,3.65,84.000,30660.000,3.65,3.66,3.67,3.68,3.69,4146,10449,4286,5277,6063,3.64,3.63,3.62,3.61,3.6,7002,4864,2673,2811,2366,1
2020-01-02 09:39:09,3.65,40.000,14600.000,3.65,3.66,3.67,3.68,3.69,4106,10449,4803,5277,6063,3.64,3.63,3.62,3.61,3.6,7082,4864,2673,2811,2366,1
2020-01-02 09:39:15,3.65,110.000,40150.000,3.65,3.66,3.67,3.68,3.69,4374,10449,4813,5277,6063,3.64,3.63,3.62,3.61,3.6,7654,4862,2872,2811,2366,1
2020-01-02 09:39:21,3.65,30.000,10950.000,3.65,3.66,3.67,3.68,3.69,4437,10449,4813,5298,6063,3.64,3.63,3.62,3.61,3.6,7790,4862,2872,2811,2366,1
2020-01-02 09:39:24,3.64,75.000,27358.000,3.65,3.66,3.67,3.68,3.69,4384,10449,4813,5298,6063,3.64,3.63,3.62,3.61,3.6,7831,4862,2872,2811,2366,0
2020-01-02 09:39:30,3.65,10.000,3650.000,3.65,3.66,3.67,3.68,3.69,4377,10449,4913,5298,6063,3.64,3.63,3.62,3.61,3.6,8116,4862,2872,2811,2366,1
2020-01-02 09:39:33,3.65,20.000,7290.000,3.65,3.66,3.67,3.68,3.69,4367,10449,4913,5298,6063,3.64,3.63,3.62,3.61,3.6,8107,4862,2872,2811,2366,1
2020-01-02 09:39:36,3.65,119.000,43435.000,3.65,3.66,3.67,3.68,3.69,4249,10449,4913,5298,6063,3.64,3.63,3.62,3.61,3.6,8107,4862,2910,2811,2366,1
2020-01-02 09:39:39,3.65,747.000,272639.000,3.65,3.66,3.67,3.68,3.69,3518,10449,4913,5298,6063,3.64,3.63,3.62,3.61,3.6,8469,5037,2910,2811,2366,1
2020-01-02 09:39:42,3.65,1179.000,430335.000,3.65,3.66,3.67,3.68,3.69,2339,10449,4903,5298,6063,3.64,3.63,3.62,3.61,3.6,8469,5037,2910,2811,2366,1
2020-01-02 09:39:45,3.64,2436.000,889177.000,3.66,3.67,3.68,3.69,3.7,10383,4903,5298,6063,3362,3.64,3.63,3.62,3.61,3.6,8452,5937,2910,2811,2366,0
2020-01-02 09:39:51,3.66,871.000,318786.000,3.66,3.67,3.68,3.69,3.7,9512,4903,5298,6063,3362,3.65,3.64,3.63,3.62,3.61,425,8450,5937,2910,2811,1
2020-01-02 09:39:54,3.66,1151.000,421266.000,3.66,3.67,3.68,3.69,3.7,8236,4903,5298,6063,3362,3.65,3.64,3.63,3.62,3.61,425,8538,5939,2910,2811,1
2020-01-02 09:39:57,3.65,1227.000,449075.000,3.66,3.67,3.68,3.69,3.7,7086,4903,5298,6063,3362,3.65,3.64,3.63,3.62,3.61,428,8399,5939,2910,2811,0
2020-01-02 09:40:00,3.65,2328.000,851963.000,3.66,3.67,3.68,3.69,3.7,4843,4906,5298,6063,3362,3.65,3.64,3.63,3.62,3.61,992,8407,5939,2910,2811,0
2020-01-02 09:40:03,3.66,525.000,192150.000,3.66,3.67,3.68,3.69,3.7,4318,4906,5298,6063,3362,3.65,3.64,3.63,3.62,3.61,996,8414,5939,2910,2811,1
2020-01-02 09:40:06,3.66,711.000,260226.000,3.66,3.67,3.68,3.69,3.7,2723,4906,5298,6063,3362,3.65,3.64,3.63,3.62,3.61,1135,8315,5939,2910,2811,1
2020-01-02 09:40:09,3.66,475.000,173850.000,3.66,3.67,3.68,3.69,3.7,2205,4906,5298,6063,3362,3.65,3.64,3.63,3.62,3.61,1135,8415,5939,2910,2811,1
2020-01-02 09:40:12,3.65,381.000,139444.000,3.66,3.67,3.68,3.69,3.7,1903,4906,5298,6063,3362,3.65,3.64,3.63,3.62,3.61,1136,8379,6139,2910,2811,0
2020-01-02 09:40:15,3.66,550.000,201300.000,3.66,3.67,3.68,3.69,3.7,1473,4906,5298,6174,3362,3.65,3.64,3.63,3.62,3.61,1320,8457,6139,2910,2811,1
2020-01-02 09:40:18,3.65,898.000,328149.000,3.66,3.67,3.68,3.69,3.7,1144,4906,5298,6174,3362,3.65,3.64,3.63,3.62,3.61,1534,8271,6076,2910,2811,0
2020-01-02 09:40:21,3.66,1177.000,430782.000,3.67,3.68,3.69,3.7,3.71,4906,5298,6174,3362,1413,3.66,3.65,3.64,3.63,3.62,1423,1671,8151,6049,2910,1
2020-01-02 09:40:24,3.66,572.000,209904.000,3.67,3.68,3.69,3.7,3.71,4347,5298,6174,3362,1413,3.66,3.65,3.64,3.63,3.62,1423,1771,8251,6049,2910,0
2020-01-02 09:40:27,3.67,412.000,151004.000,3.67,3.68,3.69,3.7,3.71,4255,5298,6174,3387,1413,3.66,3.65,3.64,3.63,3.62,2055,1829,8246,6049,2910,1
2020-01-02 09:40:30,3.67,22.000,8074.000,3.67,3.68,3.69,3.7,3.71,4266,5298,6174,3387,1413,3.66,3.65,3.64,3.63,3.62,2065,2692,8275,6049,2910,1
2020-01-02 09:40:33,3.67,227.000,83299.000,3.67,3.68,3.69,3.7,3.71,3708,5336,6174,3387,1413,3.66,3.65,3.64,3.63,3.62,2065,2692,8064,6049,2910,1
2020-01-02 09:40:36,3.67,262.000,96104.000,3.67,3.68,3.69,3.7,3.71,3496,5339,6124,3387,1413,3.66,3.65,3.64,3.63,3.62,2049,2588,8063,6049,2910,1
2020-01-02 09:40:39,3.67,255.000,93585.000,3.67,3.68,3.69,3.7,3.71,3361,5339,6124,3387,1413,3.66,3.65,3.64,3.63,3.62,2225,2632,8207,6049,2910,1
2020-01-02 09:40:42,3.67,506.000,185702.000,3.67,3.68,3.69,3.7,3.71,2875,5339,6124,3387,1413,3.66,3.65,3.64,3.63,3.62,2230,2632,8197,6043,2910,1
2020-01-02 09:40:45,3.67,358.000,131386.000,3.67,3.68,3.69,3.7,3.71,2625,5339,6124,3391,1413,3.66,3.65,3.64,3.63,3.62,2419,2717,9247,6043,2910,1
2020-01-02 09:40:51,3.67,249.000,91383.000,3.67,3.68,3.69,3.7,3.71,2456,5320,6124,3391,1413,3.66,3.65,3.64,3.63,3.62,2422,2720,9066,5940,2910,1
2020-01-02 09:40:54,3.67,570.000,209190.000,3.67,3.68,3.69,3.7,3.71,1986,5320,6124,3411,1413,3.66,3.65,3.64,3.63,3.62,2433,2720,9055,5940,2910,1
2020-01-02 09:40:57,3.67,7.000,2569.000,3.67,3.68,3.69,3.7,3.71,2109,5320,6124,3411,1413,3.66,3.65,3.64,3.63,3.62,2433,2810,9051,5940,2910,1
2020-01-02 09:41:00,3.67,29.000,10641.000,3.67,3.68,3.69,3.7,3.71,2102,5333,6124,3296,1413,3.66,3.65,3.64,3.63,3.62,2438,2810,9046,5940,2910,1
2020-01-02 09:41:03,3.67,34.000,12478.000,3.67,3.68,3.69,3.7,3.71,2038,5421,6124,3296,1413,3.66,3.65,3.64,3.63,3.62,2502,2810,8989,5940,2910,1
2020-01-02 09:41:07,3.67,74.000,27146.000,3.67,3.68,3.69,3.7,3.71,1976,5421,6124,3296,1754,3.66,3.65,3.64,3.63,3.62,2490,2810,8984,5885,2910,1
2020-01-02 09:41:12,3.67,106.000,38878.000,3.67,3.68,3.69,3.7,3.71,2062,6805,6073,3371,2363,3.66,3.65,3.64,3.63,3.62,2616,2843,8958,5936,2910,1
2020-01-02 09:41:15,3.67,54.000,19818.000,3.67,3.68,3.69,3.7,3.71,2151,6775,6073,3391,2363,3.66,3.65,3.64,3.63,3.62,2617,2840,8866,5936,2910,1
2020-01-02 09:41:21,3.67,62.000,22742.000,3.67,3.68,3.69,3.7,3.71,2365,6525,5673,3371,2363,3.66,3.65,3.64,3.63,3.62,2605,2469,8350,5409,2910,1
2020-01-02 09:41:24,3.67,5.000,1835.000,3.67,3.68,3.69,3.7,3.71,2450,6445,5673,3371,2363,3.66,3.65,3.64,3.63,3.62,2607,2469,8355,5409,2910,1
2020-01-02 09:41:27,3.67,10.000,3670.000,3.67,3.68,3.69,3.7,3.71,2640,6445,5673,3376,2363,3.66,3.65,3.64,3.63,3.62,2619,2469,8351,5429,2910,1
2020-01-02 09:41:30,3.67,88.000,32296.000,3.67,3.68,3.69,3.7,3.71,3152,6457,5673,3576,2363,3.66,3.65,3.64,3.63,3.62,2719,2469,8381,5429,2910,1
2020-01-02 09:41:33,3.67,33.000,12111.000,3.67,3.68,3.69,3.7,3.71,3213,6457,5673,3476,2363,3.66,3.65,3.64,3.63,3.62,2719,2469,8373,5429,2910,1
2020-01-02 09:41:36,3.67,108.000,39628.000,3.67,3.68,3.69,3.7,3.71,3163,6457,5673,3401,2363,3.66,3.65,3.64,3.63,3.62,2736,2589,8373,5429,2910,1
2020-01-02 09:41:39,3.67,34.000,12478.000,3.67,3.68,3.69,3.7,3.71,3275,6468,5673,3401,2363,3.66,3.65,3.64,3.63,3.62,2437,2589,8373,5429,2910,1
2020-01-02 09:41:45,3.67,1.000,367.000,3.67,3.68,3.69,3.7,3.71,3369,6468,5683,3406,2363,3.66,3.65,3.64,3.63,3.62,2445,3156,8297,5529,2910,1
2020-01-02 09:41:48,3.67,10.000,3670.000,3.67,3.68,3.69,3.7,3.71,3587,6468,5683,3406,2363,3.66,3.65,3.64,3.63,3.62,2445,3181,8252,5529,2910,1
2020-01-02 09:41:51,3.67,1.000,367.000,3.67,3.68,3.69,3.7,3.71,3636,6475,5683,3656,2363,3.66,3.65,3.64,3.63,3.62,2522,3181,8249,5529,2910,1
2020-01-02 09:41:57,3.67,129.000,47343.000,3.67,3.68,3.69,3.7,3.71,3919,6483,4988,3676,2363,3.66,3.65,3.64,3.63,3.62,2553,3185,8258,5529,2980,1
2020-01-02 09:42:00,3.66,75.000,27450.000,3.67,3.68,3.69,3.7,3.71,3929,6483,4988,3676,2363,3.66,3.65,3.64,3.63,3.62,2478,3185,8258,5529,2980,0
2020-01-02 09:42:03,3.67,80.000,29360.000,3.67,3.68,3.69,3.7,3.71,4478,6483,4988,3676,2363,3.66,3.65,3.64,3.63,3.62,2483,3143,8258,5529,2980,1
2020-01-02 09:42:15,3.67,32.000,11744.000,3.67,3.68,3.69,3.7,3.71,5068,6511,4988,3664,2393,3.66,3.65,3.64,3.63,3.62,2562,3173,8229,5529,2980,1
2020-01-02 09:42:18,3.67,20.000,7340.000,3.67,3.68,3.69,3.7,3.71,5183,6511,4988,3664,2393,3.66,3.65,3.64,3.63,3.62,2578,3171,8257,5529,2974,1
2020-01-02 09:42:21,3.67,13.000,4771.000,3.67,3.68,3.69,3.7,3.71,5184,6387,4988,3665,2393,3.66,3.65,3.64,3.63,3.62,2703,3171,8257,5524,2974,1
2020-01-02 09:42:24,3.66,63.000,23079.000,3.67,3.68,3.69,3.7,3.71,5806,6349,5038,3665,2393,3.66,3.65,3.64,3.63,3.62,2671,3171,8257,5524,2974,0
2020-01-02 09:42:33,3.67,108.000,39617.000,3.67,3.68,3.69,3.7,3.71,6019,6349,5759,3665,2393,3.66,3.65,3.64,3.63,3.62,2717,3311,8177,5524,2974,1
2020-01-02 09:42:42,3.67,222.000,81442.000,3.67,3.68,3.69,3.7,3.71,6381,6540,5760,3725,2393,3.66,3.65,3.64,3.63,3.62,2675,3125,8197,5424,2974,1
2020-01-02 09:42:45,3.66,301.000,110166.000,3.67,3.68,3.69,3.7,3.71,6436,6540,5760,3725,2393,3.66,3.65,3.64,3.63,3.62,2364,3125,8224,5424,2974,0
2020-01-02 09:42:48,3.66,166.000,60756.000,3.67,3.68,3.69,3.7,3.71,6444,6240,5760,3725,2393,3.66,3.65,3.64,3.63,3.62,2159,3186,8224,5424,2974,0
2020-01-02 09:42:51,3.66,5.000,1830.000,3.67,3.68,3.69,3.7,3.71,6444,6240,5760,3725,2417,3.66,3.65,3.64,3.63,3.62,2256,3186,8224,5424,2974,0
2020-01-02 09:42:54,3.66,1428.000,522648.000,3.67,3.68,3.69,3.7,3.71,6464,6240,5770,3725,2427,3.66,3.65,3.64,3.63,3.62,878,3186,8224,5424,2974,0
2020-01-02 09:42:57,3.66,55.000,20130.000,3.67,3.68,3.69,3.7,3.71,6296,6250,5050,3725,2427,3.66,3.65,3.64,3.63,3.62,883,3186,8224,5424,2974,0
2020-01-02 09:43:00,3.66,994.000,363804.000,3.66,3.67,3.68,3.69,3.7,882,6313,6250,5050,3697,3.65,3.64,3.63,3.62,3.61,3186,8224,5424,2974,2842,0
2020-01-02 09:43:03,3.66,1.000,366.000,3.66,3.67,3.68,3.69,3.7,916,6297,6250,5050,3697,3.65,3.64,3.63,3.62,3.61,3190,8224,5700,2974,2842,1
2020-01-02 09:43:06,3.66,84.000,30730.000,3.66,3.67,3.68,3.69,3.7,853,6437,6250,4292,3704,3.65,3.64,3.63,3.62,3.61,3054,7759,5700,2974,2842,1
2020-01-02 09:43:09,3.65,17.000,6204.000,3.66,3.67,3.68,3.69,3.7,933,6437,6971,4292,3706,3.65,3.64,3.63,3.62,3.61,3046,7759,5700,2994,2842,0
2020-01-02 09:43:12,3.65,390.000,142640.000,3.66,3.67,3.68,3.69,3.7,643,6407,6971,4292,3706,3.65,3.64,3.63,3.62,3.61,2956,7759,5700,2994,2842,0
2020-01-02 09:43:15,3.66,99.000,36236.000,3.66,3.67,3.68,3.69,3.7,554,6406,6992,4292,3706,3.65,3.64,3.63,3.62,3.61,2960,7768,5700,2994,2842,1
2020-01-02 09:43:21,3.66,100.000,36600.000,3.66,3.67,3.68,3.69,3.7,454,7471,6980,4292,3766,3.65,3.64,3.63,3.62,3.61,2997,7918,5700,2994,2842,1
2020-01-02 09:43:27,3.66,454.000,166164.000,3.67,3.68,3.69,3.7,3.71,7371,7521,4292,3766,2277,3.66,3.65,3.64,3.63,3.62,6,3053,7868,5700,2999,1
2020-01-02 09:43:30,3.66,16.000,5864.000,3.67,3.68,3.69,3.7,3.71,7540,7521,4292,3766,2277,3.65,3.64,3.63,3.62,3.61,3626,7868,5700,2999,2842,0
2020-01-02 09:43:33,3.66,7.000,2564.000,3.66,3.67,3.68,3.69,3.7,45,7540,7531,4292,3766,3.65,3.64,3.63,3.62,3.61,3626,7868,5700,2999,2842,0
2020-01-02 09:43:36,3.66,5.000,1828.000,3.66,3.67,3.68,3.69,3.7,40,7540,7531,4292,3766,3.65,3.64,3.63,3.62,3.61,3655,7868,5700,2999,2842,1
2020-01-02 09:43:43,3.66,29.000,10616.000,3.66,3.67,3.68,3.69,3.7,131,7550,7531,4292,3781,3.65,3.64,3.63,3.62,3.61,3735,7868,5700,2999,2842,1
2020-01-02 09:43:45,3.65,344.000,125602.000,3.66,3.67,3.68,3.69,3.7,88,7550,7531,4292,3814,3.65,3.64,3.63,3.62,3.61,3438,7868,5700,2999,2842,0
2020-01-02 09:43:54,3.66,30.000,10980.000,3.66,3.67,3.68,3.69,3.7,443,7954,7531,4292,3844,3.65,3.64,3.63,3.62,3.61,3516,7868,5700,2999,2842,1
2020-01-02 09:43:57,3.66,3.000,1098.000,3.66,3.67,3.68,3.69,3.7,440,7954,7531,4292,3672,3.65,3.64,3.63,3.62,3.61,3520,7883,5801,2999,2842,1
2020-01-02 09:44:00,3.65,49.000,17884.000,3.66,3.67,3.68,3.69,3.7,445,7980,7531,4292,3672,3.65,3.64,3.63,3.62,3.61,3496,7883,5801,2999,2942,0
2020-01-02 09:44:03,3.66,117.000,42822.000,3.66,3.67,3.68,3.69,3.7,343,7980,7531,4292,3672,3.65,3.64,3.63,3.62,3.61,3495,7883,5801,2999,2942,1
2020-01-02 09:44:09,3.66,92.000,33672.000,3.66,3.67,3.68,3.69,3.7,285,7980,7613,4292,3672,3.65,3.64,3.63,3.62,3.61,3905,7883,5840,2999,2942,1
2020-01-02 09:44:16,3.66,120.000,43920.000,3.66,3.67,3.68,3.69,3.7,165,7980,7667,4292,3672,3.65,3.64,3.63,3.62,3.61,3982,7988,5840,2999,2942,1
2020-01-02 09:44:19,3.66,9.000,3294.000,3.66,3.67,3.68,3.69,3.7,1199,8000,7687,4292,3672,3.65,3.64,3.63,3.62,3.61,3987,7988,5840,2999,2942,1
2020-01-02 09:44:27,3.65,100.000,36500.000,3.66,3.67,3.68,3.69,3.7,1463,8111,7687,4292,3673,3.65,3.64,3.63,3.62,3.61,3867,8418,5564,2999,2942,0
2020-01-02 09:44:30,3.66,918.000,335988.000,3.66,3.67,3.68,3.69,3.7,566,8111,6874,4292,3743,3.65,3.64,3.63,3.62,3.61,3867,8418,5564,3002,2942,1
2020-01-02 09:44:33,3.65,52.000,18980.000,3.66,3.67,3.68,3.69,3.7,646,8059,6874,4292,3746,3.65,3.64,3.63,3.62,3.61,3815,8418,5564,3002,2942,0
2020-01-02 09:44:36,3.66,43.000,15738.000,3.66,3.67,3.68,3.69,3.7,536,8049,6874,4292,3746,3.65,3.64,3.63,3.62,3.61,3716,8418,5564,3002,2942,1
2020-01-02 09:44:42,3.66,38.000,13908.000,3.66,3.67,3.68,3.69,3.7,635,7885,6874,4292,3746,3.65,3.64,3.63,3.62,3.61,3771,8718,5564,3002,2942,1
2020-01-02 09:44:48,3.66,10.000,3660.000,3.66,3.67,3.68,3.69,3.7,1487,7885,6874,4292,3746,3.65,3.64,3.63,3.62,3.61,3913,8251,5564,3002,2942,1
2020-01-02 09:44:51,3.65,45.000,16426.000,3.66,3.67,3.68,3.69,3.7,1586,7885,6874,4292,3746,3.65,3.64,3.63,3.62,3.61,3838,8251,5564,3002,2942,0
2020-01-02 09:44:54,3.66,20.000,7320.000,3.66,3.67,3.68,3.69,3.7,1566,7895,6874,4292,3778,3.65,3.64,3.63,3.62,3.61,4154,8251,5564,3002,2942,1
2020-01-02 09:44:57,3.66,641.000,234604.000,3.66,3.67,3.68,3.69,3.7,925,7895,6874,4292,3778,3.65,3.64,3.63,3.62,3.61,4164,8251,5564,3002,2942,1
2020-01-02 09:45:00,3.65,315.000,115288.000,3.66,3.67,3.68,3.69,3.7,613,7895,6874,4292,3778,3.65,3.64,3.63,3.62,3.61,4162,8366,5564,3002,2942,0
2020-01-02 09:45:06,3.65,689.000,252156.000,3.66,3.67,3.68,3.69,3.7,488,7895,6889,4292,3782,3.65,3.64,3.63,3.62,3.61,4146,8366,5564,3002,2942,0
2020-01-02 09:45:09,3.66,6.000,2196.000,3.66,3.67,3.68,3.69,3.7,542,7909,6889,4292,3782,3.65,3.64,3.63,3.62,3.61,4141,8366,5544,3022,2942,1
2020-01-02 09:45:12,3.65,51.000,18662.000,3.66,3.67,3.68,3.69,3.7,514,7909,6889,4292,3827,3.65,3.64,3.63,3.62,3.61,4138,8406,5544,3022,2942,0
2020-01-02 09:45:15,3.66,15.000,5490.000,3.66,3.67,3.68,3.69,3.7,543,7929,6889,4292,3827,3.65,3.64,3.63,3.62,3.61,4351,8406,5544,3022,2942,1
2020-01-02 09:45:18,3.66,19.000,6942.000,3.66,3.67,3.68,3.69,3.7,546,8179,6889,4292,3827,3.65,3.64,3.63,3.62,3.61,4299,8306,5544,2994,2942,1
2020-01-02 09:45:21,3.66,546.000,199836.000,3.66,3.67,3.68,3.69,3.7,188,8246,6889,4292,3827,3.65,3.64,3.63,3.62,3.61,4299,8306,5544,2994,2942,1
2020-01-02 09:45:24,3.66,188.000,68808.000,3.67,3.68,3.69,3.7,3.71,8246,6889,4292,3827,2476,3.65,3.64,3.63,3.62,3.61,4307,8306,5544,2994,2942,1
2020-01-02 09:45:27,3.66,9.000,3294.000,3.66,3.67,3.68,3.69,3.7,101,8332,6889,4292,3827,3.65,3.64,3.63,3.62,3.61,4306,8306,5544,2994,2942,0
2020-01-02 09:45:30,3.66,11.000,4026.000,3.66,3.67,3.68,3.69,3.7,214,8332,6889,4292,3827,3.65,3.64,3.63,3.62,3.61,4307,8306,5544,2994,3442,1
2020-01-02 09:45:33,3.66,214.000,78324.000,3.66,3.67,3.68,3.69,3.7,20,9247,6889,4292,3838,3.65,3.64,3.63,3.62,3.61,4308,8306,5544,2994,3442,1
2020-01-02 09:45:36,3.66,4.000,1464.000,3.66,3.67,3.68,3.69,3.7,16,9247,6889,4292,3838,3.65,3.64,3.63,3.62,3.61,4308,8321,5544,2994,3442,1
2020-01-02 09:45:39,3.66,8.000,2928.000,3.66,3.67,3.68,3.69,3.7,78,9268,6889,4292,3838,3.65,3.64,3.63,3.62,3.61,4198,8321,5429,2994,3447,1
2020-01-02 09:45:45,3.66,74.000,27084.000,3.66,3.67,3.68,3.69,3.7,22,9300,6889,4362,3838,3.65,3.64,3.63,3.62,3.61,4200,8321,5429,2994,3447,1
2020-01-02 09:45:51,3.66,55.000,20130.000,3.66,3.67,3.68,3.69,3.7,508,9300,6889,3762,3843,3.65,3.64,3.63,3.62,3.61,4215,8267,5609,2994,3447,1
2020-01-02 09:45:54,3.66,21.000,7686.000,3.66,3.67,3.68,3.69,3.7,487,9300,6989,3762,3823,3.65,3.64,3.63,3.62,3.61,4215,8267,5609,2994,3447,1
2020-01-02 09:46:00,3.65,12.000,4380.000,3.66,3.67,3.68,3.69,3.7,487,9300,6969,3772,3823,3.65,3.64,3.63,3.62,3.61,4345,8267,5609,2994,3447,0
2020-01-02 09:46:03,3.66,487.000,178242.000,3.67,3.68,3.69,3.7,3.71,9314,6969,3772,3823,2550,3.65,3.64,3.63,3.62,3.61,4392,8487,5609,2974,3447,1
2020-01-02 09:46:09,3.67,40.000,14652.000,3.67,3.68,3.69,3.7,3.71,9342,6969,3772,3823,2550,3.66,3.65,3.64,3.63,3.62,178,4400,8487,5659,2974,1
2020-01-02 09:46:12,3.66,50.000,18300.000,3.67,3.68,3.69,3.7,3.71,9342,6969,3772,3823,2550,3.66,3.65,3.64,3.63,3.62,1130,4400,8487,5659,2974,0
2020-01-02 09:46:15,3.66,132.000,48312.000,3.67,3.68,3.69,3.7,3.71,9342,6969,3772,3823,2550,3.66,3.65,3.64,3.63,3.62,1000,4409,8487,5659,2974,0
2020-01-02 09:46:24,3.66,50.000,18300.000,3.67,3.68,3.69,3.7,3.71,9362,6249,3772,3651,2356,3.66,3.65,3.64,3.63,3.62,1112,4323,8487,5659,2974,0
2020-01-02 09:46:27,3.66,55.000,20130.000,3.67,3.68,3.69,3.7,3.71,9735,6249,3772,3651,2356,3.66,3.65,3.64,3.63,3.62,1057,4323,8487,5659,2974,0
2020-01-02 09:46:30,3.66,208.000,76334.000,3.67,3.68,3.69,3.7,3.71,9530,6249,3772,3651,2356,3.66,3.65,3.64,3.63,3.62,1054,4335,8406,5659,2974,0
2020-01-02 09:46:39,3.67,9.000,3302.000,3.67,3.68,3.69,3.7,3.71,9693,6279,3802,3651,2356,3.66,3.65,3.64,3.63,3.62,1056,3926,8506,5659,2974,1
2020-01-02 09:46:54,3.67,233.000,85510.000,3.67,3.68,3.69,3.7,3.71,9500,6349,3802,3671,2356,3.66,3.65,3.64,3.63,3.62,1777,3926,8510,5659,2974,1
2020-01-02 09:47:00,3.67,15.000,5506.000,3.67,3.68,3.69,3.7,3.71,9485,6349,3802,3671,3244,3.66,3.65,3.64,3.63,3.62,1824,3953,8610,5659,2974,1
2020-01-02 09:47:06,3.66,1.000,366.000,3.67,3.68,3.69,3.7,3.71,9644,6349,3841,3671,3244,3.66,3.65,3.64,3.63,3.62,1994,4222,8540,5659,2974,0
2020-01-02 09:47:12,3.66,12.000,4394.000,3.67,3.68,3.69,3.7,3.71,9669,6389,3841,3671,3248,3.66,3.65,3.64,3.63,3.62,2095,4248,8531,5659,2974,0
2020-01-02 09:47:15,3.66,198.000,72468.000,3.67,3.68,3.69,3.7,3.71,9669,6389,3865,3671,3248,3.66,3.65,3.64,3.63,3.62,1999,4246,8481,5659,2974,0
2020-01-02 09:47:18,3.66,94.000,34458.000,3.67,3.68,3.69,3.7,3.71,9614,6389,3865,3671,3258,3.66,3.65,3.64,3.63,3.62,1964,4246,8481,5659,2974,0
2020-01-02 09:47:21,3.67,56.000,20552.000,3.67,3.68,3.69,3.7,3.71,9633,6389,3865,3671,3258,3.66,3.65,3.64,3.63,3.62,1915,4246,8586,5659,2974,1
2020-01-02 09:47:27,3.66,24.000,8784.000,3.67,3.68,3.69,3.7,3.71,9803,6393,3523,3671,3258,3.66,3.65,3.64,3.63,3.62,1922,4305,8571,5659,2965,0
2020-01-02 09:47:30,3.67,2.000,736.000,3.67,3.68,3.69,3.7,3.71,9801,6393,3523,3671,3258,3.66,3.65,3.64,3.63,3.62,1928,4305,8571,5659,2965,1
2020-01-02 09:47:39,3.67,10.000,3668.000,3.67,3.68,3.69,3.7,3.71,10133,6390,3523,3671,3258,3.66,3.65,3.64,3.63,3.62,1947,4300,8571,5659,2965,1
2020-01-02 09:47:42,3.67,6.000,2204.000,3.67,3.68,3.69,3.7,3.71,10157,6390,3423,3671,3258,3.66,3.65,3.64,3.63,3.62,1910,4087,8596,5659,2965,1
2020-01-02 09:47:45,3.67,184.000,67528.000,3.67,3.68,3.69,3.7,3.71,10073,6390,3423,3671,3258,3.66,3.65,3.64,3.63,3.62,1333,4087,8596,5659,2965,1
2020-01-02 09:47:48,3.67,5.000,1834.000,3.67,3.68,3.69,3.7,3.71,10105,6390,3466,3671,3258,3.66,3.65,3.64,3.63,3.62,1336,4087,8569,5659,2965,1
2020-01-02 09:47:51,3.66,47.000,17214.000,3.67,3.68,3.69,3.7,3.71,10194,6390,3466,3671,3258,3.66,3.65,3.64,3.63,3.62,1250,4087,8569,5659,2965,0
2020-01-02 09:47:54,3.67,15.000,5506.000,3.67,3.68,3.69,3.7,3.71,10185,6390,3442,3671,3258,3.66,3.65,3.64,3.63,3.62,1284,4087,8569,5659,2965,1
2020-01-02 09:48:06,3.66,12.000,4392.000,3.67,3.68,3.69,3.7,3.71,10371,6440,3442,3671,3258,3.66,3.65,3.64,3.63,3.62,1505,4142,8529,5659,2965,0
2020-01-02 09:48:09,3.67,64.000,23438.000,3.67,3.68,3.69,3.7,3.71,10522,6440,3442,3681,3258,3.66,3.65,3.64,3.63,3.62,1460,4142,8529,5659,2965,1
2020-01-02 09:48:15,3.66,434.000,159260.000,3.67,3.68,3.69,3.7,3.71,10361,6617,3442,3681,3258,3.66,3.65,3.64,3.63,3.62,1469,4260,8529,5659,2965,0
2020-01-02 09:48:18,3.66,213.000,77958.000,3.67,3.68,3.69,3.7,3.71,10664,6617,3442,3681,3258,3.66,3.65,3.64,3.63,3.62,1259,4260,8529,5659,3003,0
2020-01-02 09:48:24,3.67,50.000,18350.000,3.67,3.68,3.69,3.7,3.71,10714,6617,3442,3881,3272,3.66,3.65,3.64,3.63,3.62,2771,4339,8519,5659,3003,1
2020-01-02 09:48:27,3.67,23.000,8440.000,3.67,3.68,3.69,3.7,3.71,10721,6617,3442,3881,3272,3.66,3.65,3.64,3.63,3.62,2771,4339,8519,5659,3003,1
2020-01-02 09:48:33,3.66,20.000,7320.000,3.67,3.68,3.69,3.7,3.71,10832,6855,3442,3881,3272,3.66,3.65,3.64,3.63,3.62,2754,4350,8519,5659,3003,0
2020-01-02 09:48:39,3.67,9.000,3304.000,3.67,3.68,3.69,3.7,3.71,10826,6855,3442,3881,3272,3.66,3.65,3.64,3.63,3.62,2741,4373,8324,5669,2983,1
2020-01-02 09:48:42,3.67,73.000,26780.000,3.67,3.68,3.69,3.7,3.71,10788,6862,3442,3881,3272,3.66,3.65,3.64,3.63,3.62,2752,4691,8324,5659,2983,1
2020-01-02 09:48:45,3.67,1.000,368.000,3.67,3.68,3.69,3.7,3.71,10794,6862,3445,3881,3272,3.66,3.65,3.64,3.63,3.62,2782,4693,8324,5659,2983,1
2020-01-02 09:48:57,3.67,10.000,3670.000,3.67,3.68,3.69,3.7,3.71,10808,6897,3445,3881,3272,3.66,3.65,3.64,3.63,3.62,3346,4561,8324,5639,2983,1
2020-01-02 09:49:00,3.66,29.000,10638.000,3.67,3.68,3.69,3.7,3.71,10754,6897,3445,3881,3272,3.66,3.65,3.64,3.63,3.62,3342,4561,8324,5639,2983,0
2020-01-02 09:49:06,3.66,8.000,2928.000,3.67,3.68,3.69,3.7,3.71,10565,6897,3445,3881,3496,3.66,3.65,3.64,3.63,3.62,3381,4561,8324,5639,2983,0
2020-01-02 09:49:09,3.67,21.000,7696.000,3.67,3.68,3.69,3.7,3.71,10486,6897,3445,3881,3496,3.66,3.65,3.64,3.63,3.62,3369,4563,8324,5639,2983,1
2020-01-02 09:49:12,3.66,2.000,732.000,3.67,3.68,3.69,3.7,3.71,10147,6897,3445,3881,3496,3.66,3.65,3.64,3.63,3.62,3417,4487,8324,5639,2983,0
2020-01-02 09:49:21,3.66,17.000,6222.000,3.67,3.68,3.69,3.7,3.71,10244,7617,3445,3881,3596,3.66,3.65,3.64,3.63,3.62,3500,4493,8324,5639,2983,0
2020-01-02 09:49:24,3.66,5.000,1830.000,3.67,3.68,3.69,3.7,3.71,10275,7617,3445,3881,3601,3.66,3.65,3.64,3.63,3.62,3525,4493,8324,5639,2983,0
2020-01-02 09:49:33,3.66,140.000,51310.000,3.67,3.68,3.69,3.7,3.71,10077,7622,3445,3881,3601,3.66,3.65,3.64,3.63,3.62,3665,4543,8324,5639,3053,0
2020-01-02 09:49:36,3.66,239.000,87474.000,3.67,3.68,3.69,3.7,3.71,10088,7622,3445,3881,3601,3.66,3.65,3.64,3.63,3.62,3426,4469,8324,5639,3053,0
2020-01-02 09:49:39,3.66,43.000,15738.000,3.67,3.68,3.69,3.7,3.71,10088,7622,3445,3881,3601,3.66,3.65,3.64,3.63,3.62,3383,4469,8324,5639,3053,0
2020-01-02 09:49:42,3.66,20.000,7320.000,3.67,3.68,3.69,3.7,3.71,10115,7622,3445,3881,3601,3.66,3.65,3.64,3.63,3.62,3363,4477,8329,5639,3053,0
2020-01-02 09:49:45,3.67,16.000,5872.000,3.67,3.68,3.69,3.7,3.71,10131,7622,3445,3901,3601,3.66,3.65,3.64,3.63,3.62,3363,4429,8328,5639,3053,1
2020-01-02 09:49:54,3.67,50.000,18350.000,3.67,3.68,3.69,3.7,3.71,10109,7622,3445,3904,3601,3.66,3.65,3.64,3.63,3.62,3681,4429,8328,5686,3053,1
2020-01-02 09:50:06,3.67,52.000,19084.000,3.67,3.68,3.69,3.7,3.71,10096,7622,3425,3904,3601,3.66,3.65,3.64,3.63,3.62,3698,4211,8428,5686,3053,1
2020-01-02 09:50:10,3.66,26.000,9528.000,3.67,3.68,3.69,3.7,3.71,10084,7622,3425,3914,3601,3.66,3.65,3.64,3.63,3.62,3684,4211,8428,5686,3053,0
2020-01-02 09:50:15,3.67,83.000,30412.000,3.67,3.68,3.69,3.7,3.71,10101,7823,3425,3914,3601,3.66,3.65,3.64,3.63,3.62,3634,4211,8479,5686,3053,1
2020-01-02 09:50:18,3.66,22.000,8052.000,3.67,3.68,3.69,3.7,3.71,10101,7823,3425,3954,3601,3.66,3.65,3.64,3.63,3.62,3612,4211,8517,5686,3053,0
2020-01-02 09:50:27,3.66,329.000,120452.000,3.67,3.68,3.69,3.7,3.71,10200,7803,3629,3954,3616,3.66,3.65,3.64,3.63,3.62,4294,4207,8519,5647,3053,0
2020-01-02 09:50:30,3.66,8.000,2928.000,3.67,3.68,3.69,3.7,3.71,9978,7803,3629,3985,3616,3.66,3.65,3.64,3.63,3.62,4307,4208,8519,5647,3053,0
2020-01-02 09:50:45,3.67,3.000,1102.000,3.67,3.68,3.69,3.7,3.71,10370,7803,3629,3989,3616,3.66,3.65,3.64,3.63,3.62,2806,4181,8519,5647,3053,1
2020-01-02 09:51:06,3.66,2.000,732.000,3.67,3.68,3.69,3.7,3.71,10426,7803,3967,3989,3616,3.66,3.65,3.64,3.63,3.62,3810,4197,8539,5647,3053,0
2020-01-02 09:51:18,3.67,30.000,11010.000,3.67,3.68,3.69,3.7,3.71,10457,9153,3967,3989,3616,3.66,3.65,3.64,3.63,3.62,3949,4277,8539,5647,3053,1
2020-01-02 09:51:21,3.67,4.000,1468.000,3.67,3.68,3.69,3.7,3.71,10455,9213,3967,3989,3616,3.66,3.65,3.64,3.63,3.62,3949,4277,8539,5647,3053,1
2020-01-02 09:51:24,3.66,272.000,99678.000,3.67,3.68,3.69,3.7,3.71,10329,9213,3967,3989,3666,3.66,3.65,3.64,3.63,3.62,3803,4270,8539,5647,3053,0
2020-01-02 09:51:27,3.66,28.000,10248.000,3.67,3.68,3.69,3.7,3.71,10334,9213,3917,3989,3666,3.66,3.65,3.64,3.63,3.62,3776,4270,8539,5647,3053,0
2020-01-02 09:51:30,3.66,1035.000,379840.000,3.67,3.68,3.69,3.7,3.71,9393,9213,3937,3989,3666,3.66,3.65,3.64,3.63,3.62,3853,4270,8539,5647,3053,0
2020-01-02 09:51:36,3.66,1.000,366.000,3.67,3.68,3.69,3.7,3.71,9393,9213,3937,3989,3666,3.66,3.65,3.64,3.63,3.62,3907,4268,8536,5647,3053,0
2020-01-02 09:51:39,3.67,28.000,10276.000,3.67,3.68,3.69,3.7,3.71,9384,9213,3937,3989,3666,3.66,3.65,3.64,3.63,3.62,4057,4268,8536,5647,3053,1
2020-01-02 09:51:42,3.67,108.000,39636.000,3.67,3.68,3.69,3.7,3.71,9276,9213,3937,3989,3666,3.66,3.65,3.64,3.63,3.62,4316,4268,8536,5647,3053,1
2020-01-02 09:51:45,3.67,60.000,22020.000,3.67,3.68,3.69,3.7,3.71,8295,9213,3937,3989,3666,3.66,3.65,3.64,3.63,3.62,4332,4294,8536,5647,3053,1
2020-01-02 09:51:54,3.66,8.000,2934.000,3.67,3.68,3.69,3.7,3.71,8372,9213,3937,4004,3666,3.66,3.65,3.64,3.63,3.62,4395,4224,8536,5647,3053,0
2020-01-02 09:51:57,3.66,8.000,2928.000,3.67,3.68,3.69,3.7,3.71,8361,9213,3937,4004,3666,3.66,3.65,3.64,3.63,3.62,4387,4254,8536,5723,3053,0
2020-01-02 09:52:00,3.67,642.000,235614.000,3.67,3.68,3.69,3.7,3.71,7702,9266,3937,4004,3666,3.66,3.65,3.64,3.63,3.62,4499,4254,8536,5573,3053,1
2020-01-02 09:52:03,3.67,109.000,40004.000,3.67,3.68,3.69,3.7,3.71,7593,9280,3937,4004,3666,3.66,3.65,3.64,3.63,3.62,4499,4252,8536,5573,3053,1
2020-01-02 09:52:12,3.66,20.000,7320.000,3.67,3.68,3.69,3.7,3.71,7618,9280,3937,4214,3666,3.66,3.65,3.64,3.63,3.62,4487,4252,8546,5573,3053,0
2020-01-02 09:52:15,3.67,1.000,366.000,3.67,3.68,3.69,3.7,3.71,7622,9280,3937,4225,3666,3.66,3.65,3.64,3.63,3.62,4488,4252,8546,5573,3053,1
2020-01-02 09:52:21,3.67,100.000,36700.000,3.67,3.68,3.69,3.7,3.71,7515,9280,3957,4225,3666,3.66,3.65,3.64,3.63,3.62,4501,4252,8546,5553,3023,1
2020-01-02 09:52:24,3.66,1.000,366.000,3.67,3.68,3.69,3.7,3.71,7515,9280,3957,4225,3666,3.66,3.65,3.64,3.63,3.62,4508,4252,8546,5553,3023,0
2020-01-02 09:52:27,3.67,193.000,70832.000,3.67,3.68,3.69,3.7,3.71,7339,9280,3957,4225,3681,3.66,3.65,3.64,3.63,3.62,4508,4251,8546,5553,3023,1
2020-01-02 09:52:30,3.66,43.000,15736.000,3.67,3.68,3.69,3.7,3.71,8099,9280,3957,4225,3681,3.66,3.65,3.64,3.63,3.62,4803,4251,8546,5553,3023,0
2020-01-02 09:52:33,3.66,17.000,6224.000,3.67,3.68,3.69,3.7,3.71,8080,9280,3957,4225,3681,3.66,3.65,3.64,3.63,3.62,4786,4250,8546,5553,3023,0
2020-01-02 09:52:36,3.67,16.000,5872.000,3.67,3.68,3.69,3.7,3.71,8064,9280,3957,4245,3681,3.66,3.65,3.64,3.63,3.62,4786,4248,8546,5553,3023,1
2020-01-02 09:52:39,3.66,1.000,364.000,3.67,3.68,3.69,3.7,3.71,8077,9280,3957,4295,3681,3.66,3.65,3.64,3.63,3.62,4785,4163,8546,5628,3023,0
2020-01-02 09:52:48,3.66,1307.000,479590.000,3.67,3.68,3.69,3.7,3.71,6933,9287,3957,4295,3701,3.66,3.65,3.64,3.63,3.62,4739,4163,8566,5628,3024,0
2020-01-02 09:52:51,3.66,30.000,10980.000,3.67,3.68,3.69,3.7,3.71,6941,9287,3957,4295,3701,3.66,3.65,3.64,3.63,3.62,4719,4192,8567,5628,3024,0
2020-01-02 09:52:57,3.66,3.000,1098.000,3.67,3.68,3.69,3.7,3.71,6914,9159,3997,4317,3711,3.66,3.65,3.64,3.63,3.62,4952,4242,8567,5628,3024,0
2020-01-02 09:53:00,3.67,10.000,3670.000,3.67,3.68,3.69,3.7,3.71,7004,9159,3997,4317,3711,3.66,3.65,3.64,3.63,3.62,4952,4256,8567,5628,3024,1
2020-01-02 09:53:03,3.67,7045.000,2585434.000,3.68,3.69,3.7,3.71,3.72,9166,3997,4317,3711,3140,3.67,3.66,3.65,3.64,3.63,82,5520,4256,8567,5628,1
2020-01-02 09:53:07,3.67,112.000,41104.000,3.67,3.68,3.69,3.7,3.71,82,9180,3997,4317,3711,3.66,3.65,3.64,3.63,3.62,5774,4263,8567,5628,3024,0
2020-01-02 09:53:09,3.68,170.000,62400.000,3.68,3.69,3.7,3.71,3.72,9170,3997,4317,3711,3140,3.67,3.66,3.65,3.64,3.63,1197,5627,4249,8567,5628,1
2020-01-02 09:53:12,3.67,906.000,333298.000,3.68,3.69,3.7,3.71,3.72,8374,3997,4317,3711,3140,3.67,3.66,3.65,3.64,3.63,1177,4851,4249,8553,5628,0
2020-01-02 09:53:18,3.68,47.000,17266.000,3.68,3.69,3.7,3.71,3.72,8357,3997,4317,3711,3140,3.67,3.66,3.65,3.64,3.63,3286,4937,4229,8553,5628,1
2020-01-02 09:53:21,3.67,278.000,102204.000,3.68,3.69,3.7,3.71,3.72,8179,3997,4317,3711,3140,3.67,3.66,3.65,3.64,3.63,3372,4986,4229,8553,5628,0
2020-01-02 09:53:24,3.68,4.000,1472.000,3.68,3.69,3.7,3.71,3.72,8170,3997,4317,3711,3140,3.67,3.66,3.65,3.64,3.63,5476,4962,4221,8553,5628,1
2020-01-02 09:53:27,3.68,1024.000,376832.000,3.68,3.69,3.7,3.71,3.72,7146,3997,4317,3711,3140,3.67,3.66,3.65,3.64,3.63,5736,5020,4279,8553,5628,1
2020-01-02 09:53:30,3.68,32.000,11776.000,3.68,3.69,3.7,3.71,3.72,7114,3997,4317,3637,3140,3.67,3.66,3.65,3.64,3.63,5736,5020,4379,8630,5628,1
2020-01-02 09:53:33,3.68,100.000,36800.000,3.68,3.69,3.7,3.71,3.72,7005,3805,4317,3637,3140,3.67,3.66,3.65,3.64,3.63,5937,5019,4379,7650,5628,1
2020-01-02 09:53:36,3.68,125.000,46000.000,3.68,3.69,3.7,3.71,3.72,6900,3835,4419,3637,3140,3.67,3.66,3.65,3.64,3.63,5937,4961,4379,7650,5628,1
2020-01-02 09:53:39,3.68,23.000,8464.000,3.68,3.69,3.7,3.71,3.72,6877,3835,4385,3657,3140,3.67,3.66,3.65,3.64,3.63,5948,4961,4349,7650,5628,1
2020-01-02 09:53:42,3.68,13.000,4784.000,3.68,3.69,3.7,3.71,3.72,6864,3835,4385,3657,3140,3.67,3.66,3.65,3.64,3.63,5968,4963,4364,7650,5628,1
2020-01-02 09:53:45,3.67,108.000,39684.000,3.68,3.69,3.7,3.71,3.72,6849,3835,4385,3657,3140,3.67,3.66,3.65,3.64,3.63,6111,4959,4337,7650,5553,0
2020-01-02 09:53:48,3.68,61.000,22448.000,3.68,3.69,3.7,3.71,3.72,6788,3840,4435,3657,3140,3.67,3.66,3.65,3.64,3.63,6910,4857,4337,7650,5553,1
2020-01-02 09:53:51,3.68,1656.000,609408.000,3.68,3.69,3.7,3.71,3.72,5137,3840,4435,3657,3140,3.67,3.66,3.65,3.64,3.63,7158,4845,4327,7650,5553,1
2020-01-02 09:53:54,3.68,384.000,141312.000,3.68,3.69,3.7,3.71,3.72,4033,3840,4435,3657,3140,3.67,3.66,3.65,3.64,3.63,7022,4844,4330,7650,5553,1
2020-01-02 09:53:57,3.68,2487.000,915216.000,3.68,3.69,3.7,3.71,3.72,1553,3840,4435,3657,3140,3.67,3.66,3.65,3.64,3.63,7489,4834,4330,7650,5553,1
2020-01-02 09:54:00,3.68,1564.000,575552.000,3.69,3.7,3.71,3.72,3.73,3840,4435,3657,3140,4616,3.68,3.67,3.66,3.65,3.64,2806,7569,4834,3802,7650,1
2020-01-02 09:54:03,3.69,152.000,56088.000,3.69,3.7,3.71,3.72,3.73,3688,4435,3657,3140,4616,3.68,3.67,3.66,3.65,3.64,3917,7342,4834,3802,7650,1
2020-01-02 09:54:06,3.69,53.000,19556.000,3.69,3.7,3.71,3.72,3.73,4355,4435,3657,3140,4616,3.68,3.67,3.66,3.65,3.64,4031,7109,4834,3586,7650,1
2020-01-02 09:54:09,3.69,941.000,347230.000,3.69,3.7,3.71,3.72,3.73,3459,4435,3048,3141,4616,3.68,3.67,3.66,3.65,3.64,4046,7103,4834,3586,7650,1
2020-01-02 09:54:12,3.69,91.000,33536.000,3.69,3.7,3.71,3.72,3.73,3424,4431,3048,3141,4616,3.68,3.67,3.66,3.65,3.64,5052,7103,4834,3586,7650,1
2020-01-02 09:54:15,3.69,313.000,115498.000,3.69,3.7,3.71,3.72,3.73,3104,4431,3048,3141,4616,3.68,3.67,3.66,3.65,3.64,5052,6971,4919,3565,7650,1
2020-01-02 09:54:18,3.69,21.000,7748.000,3.69,3.7,3.71,3.72,3.73,3053,4620,3048,3141,4616,3.68,3.67,3.66,3.65,3.64,5006,6710,4719,3565,7650,1
2020-01-02 09:54:21,3.69,251.000,92618.000,3.69,3.7,3.71,3.72,3.73,2595,4600,3084,3071,4616,3.68,3.67,3.66,3.65,3.64,5031,6707,4715,3565,7650,1
2020-01-02 09:54:24,3.69,541.000,199630.000,3.69,3.7,3.71,3.72,3.73,2181,4600,3084,3071,4616,3.68,3.67,3.66,3.65,3.64,5073,6705,4715,3547,7650,1
2020-01-02 09:54:27,3.69,89.000,32840.000,3.69,3.7,3.71,3.72,3.73,2097,4600,3084,3071,4616,3.68,3.67,3.66,3.65,3.64,5073,6705,4715,3547,7650,1
2020-01-02 09:54:30,3.69,371.000,136900.000,3.69,3.7,3.71,3.72,3.73,1726,4188,3084,3071,4616,3.68,3.67,3.66,3.65,3.64,5073,6705,4715,3547,7650,1
2020-01-02 09:54:33,3.69,1144.000,422136.000,3.69,3.7,3.71,3.72,3.73,582,4418,3084,3071,4616,3.68,3.67,3.66,3.65,3.64,5359,6705,4683,3524,7650,1
2020-01-02 09:54:36,3.69,582.000,214756.000,3.7,3.71,3.72,3.73,3.74,4418,3084,3071,4616,3653,3.69,3.68,3.67,3.66,3.65,108,5595,6705,4683,3524,1
2020-01-02 09:54:39,3.69,63.000,23248.000,3.7,3.71,3.72,3.73,3.74,4452,3084,3071,4616,3653,3.69,3.68,3.67,3.66,3.65,685,5588,6617,4683,3524,0
2020-01-02 09:54:42,3.7,115.000,42500.000,3.7,3.71,3.72,3.73,3.74,4437,3084,3071,4616,3653,3.69,3.68,3.67,3.66,3.65,666,5510,6646,4673,3524,1
2020-01-02 09:54:46,3.7,93.000,34410.000,3.7,3.71,3.72,3.73,3.74,4359,3084,3279,4616,3653,3.69,3.68,3.67,3.66,3.65,717,5100,6746,4673,3524,1
2020-01-02 09:54:51,3.7,126.000,46620.000,3.7,3.71,3.72,3.73,3.74,4283,3064,3581,4596,3703,3.69,3.68,3.67,3.66,3.65,1228,5259,6726,4587,3524,1
2020-01-02 09:54:55,3.7,20.000,7400.000,3.7,3.71,3.72,3.73,3.74,4263,3064,3581,4596,3703,3.69,3.68,3.67,3.66,3.65,1424,5277,6724,4584,3524,1
2020-01-02 09:54:57,3.7,50.000,18500.000,3.7,3.71,3.72,3.73,3.74,4328,3064,3581,4596,3703,3.69,3.68,3.67,3.66,3.65,1502,5271,6724,4584,3473,1
2020-01-02 09:55:00,3.7,292.000,108040.000,3.7,3.71,3.72,3.73,3.74,4026,3064,3581,4596,3703,3.69,3.68,3.67,3.66,3.65,1877,5271,6724,4504,3473,1
2020-01-02 09:55:03,3.7,10.000,3700.000,3.7,3.71,3.72,3.73,3.74,4016,3128,3581,4596,3703,3.69,3.68,3.67,3.66,3.65,1878,5281,6678,4498,3470,1
2020-01-02 09:55:06,3.7,983.000,363600.000,3.7,3.71,3.72,3.73,3.74,3143,3128,3601,4598,3603,3.69,3.68,3.67,3.66,3.65,1768,5316,6649,4485,3470,1
2020-01-02 09:55:09,3.7,400.000,148000.000,3.7,3.71,3.72,3.73,3.74,2973,3128,3631,4598,3609,3.69,3.68,3.67,3.66,3.65,1842,5323,6649,4472,3470,1
2020-01-02 09:55:12,3.69,155.000,57194.000,3.7,3.71,3.72,3.73,3.74,3073,3128,3663,4598,3609,3.69,3.68,3.67,3.66,3.65,1687,5323,6680,4371,3450,0
2020-01-02 09:55:21,3.69,164.000,60516.000,3.7,3.71,3.72,3.73,3.74,3406,3148,3663,4598,3609,3.69,3.68,3.67,3.66,3.65,1689,5401,6680,4353,3486,0
2020-01-02 09:55:24,3.69,76.000,28044.000,3.7,3.71,3.72,3.73,3.74,3388,3148,3663,4598,3609,3.69,3.68,3.67,3.66,3.65,1654,5446,6675,4353,3486,0
2020-01-02 09:55:27,3.7,12.000,4440.000,3.7,3.71,3.72,3.73,3.74,3460,3270,3663,4598,3609,3.69,3.68,3.67,3.66,3.65,1664,5446,6675,4351,3481,1
2020-01-02 09:55:30,3.7,10.000,3700.000,3.7,3.71,3.72,3.73,3.74,3480,3270,3663,4598,3609,3.69,3.68,3.67,3.66,3.65,1674,5446,6675,4351,3481,1
2020-01-02 09:55:36,3.69,40.000,14780.000,3.7,3.71,3.72,3.73,3.74,4414,3290,3483,4603,3618,3.69,3.68,3.67,3.66,3.65,1715,5455,6644,4353,3466,0
2020-01-02 09:55:40,3.7,374.000,138096.000,3.7,3.71,3.72,3.73,3.74,4344,3290,3475,4603,3618,3.69,3.68,3.67,3.66,3.65,1224,5656,6644,4353,3517,1
2020-01-02 09:55:42,3.7,66.000,24412.000,3.7,3.71,3.72,3.73,3.74,4256,3290,3479,4603,3618,3.69,3.68,3.67,3.66,3.65,1246,5656,6644,4353,3517,1
2020-01-02 09:55:46,3.69,228.000,84146.000,3.7,3.71,3.72,3.73,3.74,4329,3290,3479,4603,3618,3.69,3.68,3.67,3.66,3.65,1042,5656,6644,4341,3517,0
2020-01-02 09:55:48,3.69,30.000,11070.000,3.7,3.71,3.72,3.73,3.74,4339,3340,3499,4603,3620,3.69,3.68,3.67,3.66,3.65,1042,5631,5845,4341,3517,0
2020-01-02 09:55:51,3.69,4.000,1476.000,3.7,3.71,3.72,3.73,3.74,4422,3540,3499,4603,3620,3.69,3.68,3.67,3.66,3.65,1050,5631,5845,4341,3517,0
2020-01-02 09:55:54,3.7,302.000,111440.000,3.7,3.71,3.72,3.73,3.74,4453,3540,3494,4783,3625,3.69,3.68,3.67,3.66,3.65,758,5645,5845,4391,3517,1
2020-01-02 09:55:58,3.69,428.000,157932.000,3.7,3.71,3.72,3.73,3.74,4518,3540,3499,4883,3625,3.69,3.68,3.67,3.66,3.65,342,5645,5845,4391,3617,0
2020-01-02 09:56:01,3.69,359.000,132470.000,3.69,3.7,3.71,3.72,3.73,398,5065,3590,3506,4883,3.68,3.67,3.66,3.65,3.64,5625,5845,4391,3617,7394,0
2020-01-02 09:56:03,3.69,144.000,53136.000,3.69,3.7,3.71,3.72,3.73,370,5134,3590,3506,4883,3.68,3.67,3.66,3.65,3.64,5626,5845,4441,3612,7394,1
2020-01-02 09:56:09,3.69,35.000,12914.000,3.69,3.7,3.71,3.72,3.73,435,5072,3600,3524,4883,3.68,3.67,3.66,3.65,3.64,5626,5845,4441,3638,7384,1
2020-01-02 09:56:12,3.69,48.000,17712.000,3.69,3.7,3.71,3.72,3.73,393,5182,3600,3524,4952,3.68,3.67,3.66,3.65,3.64,5727,5845,4441,3638,7384,1
2020-01-02 09:56:16,3.7,593.000,218968.000,3.7,3.71,3.72,3.73,3.74,6739,3600,3584,4954,3675,3.69,3.68,3.67,3.66,3.65,1055,5752,5845,4441,3638,1
2020-01-02 09:56:18,3.69,164.000,60516.000,3.7,3.71,3.72,3.73,3.74,6781,3615,3614,4954,3675,3.69,3.68,3.67,3.66,3.65,1491,5752,5845,4441,3649,0
2020-01-02 09:56:21,3.69,199.000,73622.000,3.7,3.71,3.72,3.73,3.74,6790,3617,3614,4954,3675,3.69,3.68,3.67,3.66,3.65,1514,5757,5845,4431,3616,0
2020-01-02 09:56:24,3.7,1.000,370.000,3.7,3.71,3.72,3.73,3.74,6839,3617,3614,4954,3675,3.69,3.68,3.67,3.66,3.65,1524,5757,5845,4417,3616,1
2020-01-02 09:56:27,3.69,15.000,5536.000,3.7,3.71,3.72,3.73,3.74,6726,3617,3614,4954,3675,3.69,3.68,3.67,3.66,3.65,1674,5757,5845,4417,3616,0
2020-01-02 09:56:31,3.69,80.000,29520.000,3.7,3.71,3.72,3.73,3.74,6732,3617,3614,4954,3675,3.69,3.68,3.67,3.66,3.65,1594,5757,5869,4417,3616,0
2020-01-02 09:56:33,3.69,48.000,17732.000,3.7,3.71,3.72,3.73,3.74,6807,3620,3670,4954,3679,3.69,3.68,3.67,3.66,3.65,1625,5757,5869,4417,3521,0
2020-01-02 09:56:37,3.7,20.000,7400.000,3.7,3.71,3.72,3.73,3.74,6867,3620,3670,4964,3679,3.69,3.68,3.67,3.66,3.65,1647,5756,5869,4417,3521,1
2020-01-02 09:56:39,3.7,220.000,81300.000,3.7,3.71,3.72,3.73,3.74,6749,3620,3770,5034,3679,3.69,3.68,3.67,3.66,3.65,1589,5756,5869,4417,3531,1
2020-01-02 09:56:42,3.7,210.000,77700.000,3.7,3.71,3.72,3.73,3.74,7994,3620,3798,5034,3699,3.69,3.68,3.67,3.66,3.65,1568,5756,5869,4417,3531,1
2020-01-02 09:56:46,3.7,42.000,15536.000,3.7,3.71,3.72,3.73,3.74,7956,3620,3798,5034,3699,3.69,3.68,3.67,3.66,3.65,1365,5755,5869,4417,3531,1
2020-01-02 09:56:48,3.7,4197.000,1552888.000,3.7,3.71,3.72,3.73,3.74,3877,3620,3848,5034,3699,3.69,3.68,3.67,3.66,3.65,1378,5784,5869,4417,3531,1
2020-01-02 09:56:51,3.69,6.000,2216.000,3.7,3.71,3.72,3.73,3.74,4017,3620,3848,5086,3699,3.69,3.68,3.67,3.66,3.65,1082,5784,5869,4417,3531,0
2020-01-02 09:56:54,3.7,69.000,25528.000,3.7,3.71,3.72,3.73,3.74,3974,3620,3806,5086,3699,3.69,3.68,3.67,3.66,3.65,1082,5784,5869,4467,3531,1
2020-01-02 09:56:57,3.69,51.000,18848.000,3.7,3.71,3.72,3.73,3.74,2910,3400,3806,5086,3699,3.69,3.68,3.67,3.66,3.65,983,5784,5869,4467,3531,0
2020-01-02 09:57:00,3.7,576.000,213120.000,3.7,3.71,3.72,3.73,3.74,2443,3361,3806,5106,3699,3.69,3.68,3.67,3.66,3.65,983,5784,5869,4357,3531,1
2020-01-02 09:57:04,3.7,130.000,48088.000,3.7,3.71,3.72,3.73,3.74,2338,3361,3806,5106,3699,3.69,3.68,3.67,3.66,3.65,1195,5784,5869,4357,3531,1
2020-01-02 09:57:06,3.7,64.000,23680.000,3.7,3.71,3.72,3.73,3.74,2289,3361,3806,5106,3755,3.69,3.68,3.67,3.66,3.65,1317,5784,5869,4357,3531,1
2020-01-02 09:57:09,3.7,88.000,32560.000,3.7,3.71,3.72,3.73,3.74,2111,3361,3746,5106,3755,3.69,3.68,3.67,3.66,3.65,1350,5804,5869,4357,3552,1
2020-01-02 09:57:12,3.7,777.000,287492.000,3.7,3.71,3.72,3.73,3.74,1364,3381,3746,5106,3755,3.69,3.68,3.67,3.66,3.65,1350,5645,5869,4357,3552,1
2020-01-02 09:57:16,3.7,160.000,59200.000,3.7,3.71,3.72,3.73,3.74,1204,3581,3746,5109,3755,3.69,3.68,3.67,3.66,3.65,1379,4811,5869,4357,3552,1
2020-01-02 09:57:18,3.69,613.000,226800.000,3.7,3.71,3.72,3.73,3.74,615,3581,3746,5109,3755,3.69,3.68,3.67,3.66,3.65,1365,4811,5869,4357,3572,0
2020-01-02 09:57:21,3.7,14.000,5180.000,3.7,3.71,3.72,3.73,3.74,701,3581,3824,5109,3755,3.69,3.68,3.67,3.66,3.65,1582,4761,5869,4357,3572,1
2020-01-02 09:57:24,3.7,409.000,151196.000,3.7,3.71,3.72,3.73,3.74,377,3591,3791,5109,3755,3.69,3.68,3.67,3.66,3.65,1447,4799,5869,4357,3572,1
2020-01-02 09:57:27,3.7,377.000,139492.000,3.71,3.72,3.73,3.74,3.75,3591,3821,5114,3755,6163,3.7,3.69,3.68,3.67,3.66,251,1468,4776,5869,4357,1
2020-01-02 09:57:30,3.7,425.000,157248.000,3.71,3.72,3.73,3.74,3.75,3609,3827,5234,3755,6163,3.7,3.69,3.68,3.67,3.66,26,1757,4776,5969,4357,0
2020-01-02 09:57:33,3.7,30.000,11100.000,3.7,3.71,3.72,3.73,3.74,21,3609,3827,5234,3755,3.69,3.68,3.67,3.66,3.65,1763,4776,5969,4139,3572,0
2020-01-02 09:57:36,3.7,49.000,18132.000,3.71,3.72,3.73,3.74,3.75,3559,3873,5234,3755,6169,3.7,3.69,3.68,3.67,3.66,1365,1763,4776,5969,4139,1
2020-01-02 09:57:39,3.7,25.000,9248.000,3.71,3.72,3.73,3.74,3.75,3587,3873,5234,3755,6169,3.7,3.69,3.68,3.67,3.66,1567,1835,4776,5969,4139,0
2020-01-02 09:57:42,3.71,8.000,2968.000,3.71,3.72,3.73,3.74,3.75,3642,3543,5234,3755,6169,3.7,3.69,3.68,3.67,3.66,1567,1915,4776,5969,4139,1
2020-01-02 09:57:45,3.71,63.000,23320.000,3.71,3.72,3.73,3.74,3.75,3622,3560,5234,3755,6177,3.7,3.69,3.68,3.67,3.66,1538,1915,4876,5969,4139,1
2020-01-02 09:57:48,3.71,100.000,37100.000,3.71,3.72,3.73,3.74,3.75,3522,3560,5234,3755,6175,3.7,3.69,3.68,3.67,3.66,1551,1914,4976,6226,4139,1
2020-01-02 09:57:51,3.71,9.000,3336.000,3.71,3.72,3.73,3.74,3.75,3517,3545,5234,3775,6185,3.7,3.69,3.68,3.67,3.66,1615,1924,4976,6226,4139,1
2020-01-02 09:57:54,3.7,174.000,64504.000,3.71,3.72,3.73,3.74,3.75,3416,3545,5234,3775,6195,3.7,3.69,3.68,3.67,3.66,1565,1931,4976,6226,4139,0
2020-01-02 09:57:57,3.7,233.000,86388.000,3.71,3.72,3.73,3.74,3.75,3268,3545,5234,3775,6195,3.7,3.69,3.68,3.67,3.66,1589,1902,4935,6226,4139,0
2020-01-02 09:58:00,3.71,464.000,172144.000,3.71,3.72,3.73,3.74,3.75,2819,3547,5234,3775,6195,3.7,3.69,3.68,3.67,3.66,1679,1851,4935,6226,4139,1
2020-01-02 09:58:04,3.71,123.000,45632.000,3.71,3.72,3.73,3.74,3.75,2716,3547,5254,3775,6195,3.7,3.69,3.68,3.67,3.66,1849,1851,4935,6226,4139,1
2020-01-02 09:58:06,3.71,40.000,14808.000,3.71,3.72,3.73,3.74,3.75,2726,3618,5254,3775,6195,3.7,3.69,3.68,3.67,3.66,1651,1851,4935,6226,3945,1
2020-01-02 09:58:09,3.7,1.000,372.000,3.71,3.72,3.73,3.74,3.75,2726,3588,5164,3775,6195,3.7,3.69,3.68,3.67,3.66,1670,1851,4935,6226,3945,0
2020-01-02 09:58:12,3.71,105.000,38956.000,3.71,3.72,3.73,3.74,3.75,2662,3588,5164,3775,6256,3.7,3.69,3.68,3.67,3.66,1849,1831,4935,6226,3945,1
2020-01-02 09:58:15,3.71,245.000,90844.000,3.71,3.72,3.73,3.74,3.75,2475,3588,5164,3791,6256,3.7,3.69,3.68,3.67,3.66,1899,1852,4935,6226,3945,1
2020-01-02 09:58:18,3.71,44.000,16324.000,3.71,3.72,3.73,3.74,3.75,2581,3638,5164,3791,6256,3.7,3.69,3.68,3.67,3.66,1913,1842,4935,6226,3945,1
2020-01-02 09:58:21,3.7,184.000,68256.000,3.71,3.72,3.73,3.74,3.75,2458,4558,5155,3791,6256,3.7,3.69,3.68,3.67,3.66,1857,1832,4935,6226,3945,0
2020-01-02 09:58:24,3.71,120.000,44520.000,3.71,3.72,3.73,3.74,3.75,2222,4458,5150,3791,6266,3.7,3.69,3.68,3.67,3.66,1937,1547,4644,6226,3945,1
2020-01-02 09:58:27,3.71,209.000,77540.000,3.71,3.72,3.73,3.74,3.75,2023,4458,5150,3791,6271,3.7,3.69,3.68,3.67,3.66,1947,1547,4644,6226,3945,1
2020-01-02 09:58:30,3.71,248.000,91872.000,3.71,3.72,3.73,3.74,3.75,1905,4458,5153,3791,6321,3.7,3.69,3.68,3.67,3.66,1988,1537,4647,6226,3945,1
2020-01-02 09:58:33,3.71,208.000,77168.000,3.71,3.72,3.73,3.74,3.75,1697,4461,5153,3829,6321,3.7,3.69,3.68,3.67,3.66,1998,1537,4657,6226,3950,1
2020-01-02 09:58:36,3.71,113.000,41924.000,3.71,3.72,3.73,3.74,3.75,1769,4481,5153,3829,6321,3.7,3.69,3.68,3.67,3.66,1894,1447,4657,6226,3950,1
2020-01-02 09:58:39,3.71,210.000,77908.000,3.71,3.72,3.73,3.74,3.75,1559,4482,5153,3829,6458,3.7,3.69,3.68,3.67,3.66,2017,1447,4662,6226,3950,1
2020-01-02 09:58:42,3.71,72.000,26712.000,3.71,3.72,3.73,3.74,3.75,1615,4495,5153,3829,6485,3.7,3.69,3.68,3.67,3.66,2060,1447,4670,6226,3950,1
2020-01-02 09:58:45,3.7,18.000,6668.000,3.71,3.72,3.73,3.74,3.75,1583,4495,5153,3829,6485,3.7,3.69,3.68,3.67,3.66,2523,1437,4650,6226,3950,0
2020-01-02 09:58:48,3.71,153.000,56764.000,3.71,3.72,3.73,3.74,3.75,1450,4649,5143,3829,6685,3.7,3.69,3.68,3.67,3.66,2523,1437,4650,6226,3950,1
2020-01-02 09:58:51,3.71,17.000,6308.000,3.71,3.72,3.73,3.74,3.75,1673,4661,5143,3829,6685,3.7,3.69,3.68,3.67,3.66,2523,1358,4650,6226,3950,1
2020-01-02 09:58:54,3.71,5.000,1856.000,3.71,3.72,3.73,3.74,3.75,1668,4667,5143,3829,6685,3.7,3.69,3.68,3.67,3.66,2523,1358,1938,5969,3950,1
2020-01-02 09:58:57,3.71,166.000,61584.000,3.71,3.72,3.73,3.74,3.75,1547,4677,5163,3972,6696,3.7,3.69,3.68,3.67,3.66,2398,1358,1973,5969,3950,1
2020-01-02 09:59:00,3.71,136.000,50436.000,3.71,3.72,3.73,3.74,3.75,2079,4677,5163,3972,6696,3.7,3.69,3.68,3.67,3.66,2428,1358,1973,5969,3950,1
2020-01-02 09:59:03,3.71,6.000,2228.000,3.71,3.72,3.73,3.74,3.75,2106,4417,5183,3972,6703,3.7,3.69,3.68,3.67,3.66,2448,1358,1968,5969,3950,1
2020-01-02 09:59:06,3.71,59.000,21852.000,3.71,3.72,3.73,3.74,3.75,2213,4417,5153,4279,6703,3.7,3.69,3.68,3.67,3.66,2414,1358,2144,5969,3950,1
2020-01-02 09:59:09,3.71,76.000,28172.000,3.71,3.72,3.73,3.74,3.75,2211,4405,5150,4179,6693,3.7,3.69,3.68,3.67,3.66,2391,1337,2244,5969,3950,1
2020-01-02 09:59:12,3.71,31.000,11504.000,3.71,3.72,3.73,3.74,3.75,2186,4405,5150,4179,6793,3.7,3.69,3.68,3.67,3.66,2391,1337,2244,5989,3950,1
2020-01-02 09:59:15,3.71,1000.000,371000.000,3.71,3.72,3.73,3.74,3.75,1911,4405,5180,4179,7027,3.7,3.69,3.68,3.67,3.66,2391,1337,2244,5989,3952,1
2020-01-02 09:59:18,3.7,6.000,2220.000,3.71,3.72,3.73,3.74,3.75,2026,4417,5180,4130,7059,3.7,3.69,3.68,3.67,3.66,1980,1337,2244,5989,3952,0
2020-01-02 09:59:21,3.71,32.000,11860.000,3.71,3.72,3.73,3.74,3.75,2218,4447,5182,4130,7059,3.7,3.69,3.68,3.67,3.66,1970,1337,2244,5989,3952,1
2020-01-02 09:59:24,3.7,20.000,7400.000,3.71,3.72,3.73,3.74,3.75,2321,4447,5182,4155,7071,3.7,3.69,3.68,3.67,3.66,1950,1337,2246,5989,4024,0
2020-01-02 09:59:27,3.71,20.000,7420.000,3.71,3.72,3.73,3.74,3.75,2381,6064,5182,4180,7081,3.7,3.69,3.68,3.67,3.66,1950,1337,2246,5989,4024,1
2020-01-02 09:59:30,3.71,20.000,7420.000,3.71,3.72,3.73,3.74,3.75,3406,6064,5182,4207,7065,3.7,3.69,3.68,3.67,3.66,1960,1337,2246,5989,4024,1
2020-01-02 09:59:33,3.71,104.000,38556.000,3.71,3.72,3.73,3.74,3.75,3358,6064,5182,4307,7065,3.7,3.69,3.68,3.67,3.66,2072,1337,2246,5989,4024,1
2020-01-02 09:59:36,3.71,22.000,8160.000,3.71,3.72,3.73,3.74,3.75,3486,6064,5182,4307,7055,3.7,3.69,3.68,3.67,3.66,2072,1337,2246,5989,4024,1
2020-01-02 09:59:39,3.7,100.000,37000.000,3.71,3.72,3.73,3.74,3.75,3607,6089,5182,4341,7555,3.7,3.69,3.68,3.67,3.66,2112,1377,2246,5989,4024,0
2020-01-02 09:59:42,3.71,13.000,4824.000,3.71,3.72,3.73,3.74,3.75,3615,6099,5182,4341,7555,3.7,3.69,3.68,3.67,3.66,2112,1415,2246,5989,4024,1
2020-01-02 09:59:45,3.71,43.000,15948.000,3.71,3.72,3.73,3.74,3.75,3604,6116,5182,4341,7555,3.7,3.69,3.68,3.67,3.66,2108,1415,2246,5989,4024,1
2020-01-02 09:59:48,3.71,125.000,46280.000,3.71,3.72,3.73,3.74,3.75,3586,6116,5182,4364,7555,3.7,3.69,3.68,3.67,3.66,1996,1415,2246,5989,4024,1
2020-01-02 09:59:51,3.7,659.000,244260.000,3.71,3.72,3.73,3.74,3.75,3157,6121,5182,5364,7555,3.7,3.69,3.68,3.67,3.66,1772,1415,2246,5989,4024,0
2020-01-02 09:59:54,3.71,9.000,3340.000,3.71,3.72,3.73,3.74,3.75,3156,6101,5182,5364,7555,3.7,3.69,3.68,3.67,3.66,1773,1402,2246,6089,4024,1
2020-01-02 09:59:57,3.7,213.000,78968.000,3.71,3.72,3.73,3.74,3.75,3048,6121,5252,5384,7555,3.7,3.69,3.68,3.67,3.66,1723,1402,2246,6089,4151,0
2020-01-02 10:00:03,3.71,1.000,368.000,3.71,3.72,3.73,3.74,3.75,3840,6105,5262,5391,7561,3.7,3.69,3.68,3.67,3.66,1752,1402,2256,6089,4151,1
2020-01-02 10:00:06,3.71,20.000,7424.000,3.71,3.72,3.73,3.74,3.75,3828,6155,5262,5366,7561,3.7,3.69,3.68,3.67,3.66,1821,1322,2256,6089,4156,1
2020-01-02 10:00:09,3.71,53.000,19620.000,3.71,3.72,3.73,3.74,3.75,3816,6155,5272,5396,7561,3.7,3.69,3.68,3.67,3.66,1781,1311,2256,6089,4156,1
2020-01-02 10:00:12,3.71,40.000,14832.000,3.71,3.72,3.73,3.74,3.75,4063,6191,5092,5396,7611,3.7,3.69,3.68,3.67,3.66,1871,1311,2256,6089,4156,1
2020-01-02 10:00:15,3.71,69.000,25548.000,3.71,3.72,3.73,3.74,3.75,5074,6209,5092,5396,7611,3.7,3.69,3.68,3.67,3.66,1836,1328,2256,6089,4156,1
2020-01-02 10:00:18,3.71,43.000,15952.000,3.71,3.72,3.73,3.74,3.75,5072,6209,5092,5396,7611,3.7,3.69,3.68,3.67,3.66,1856,1328,2256,6089,4156,1
2020-01-02 10:00:21,3.7,187.000,69348.000,3.71,3.72,3.73,3.74,3.75,5020,6288,5092,5396,7617,3.7,3.69,3.68,3.67,3.66,1828,1328,2256,6089,4156,0
2020-01-02 10:00:27,3.71,1.000,372.000,3.71,3.72,3.73,3.74,3.75,5142,6188,5092,5436,7517,3.7,3.69,3.68,3.67,3.66,1711,1358,2256,6137,4156,1
2020-01-02 10:00:30,3.71,2782.000,1032120.000,3.71,3.72,3.73,3.74,3.75,2730,6188,5092,5476,7517,3.7,3.69,3.68,3.67,3.66,1751,1358,2256,6137,4156,1
2020-01-02 10:00:33,3.7,11.000,4072.000,3.71,3.72,3.73,3.74,3.75,2758,6188,5192,5476,7517,3.7,3.69,3.68,3.67,3.66,1742,1358,2256,6137,4156,0
2020-01-02 10:00:36,3.71,265.000,98104.000,3.71,3.72,3.73,3.74,3.75,2621,6389,5192,5476,7517,3.7,3.69,3.68,3.67,3.66,1549,1458,2256,6137,4156,1
2020-01-02 10:00:39,3.71,316.000,117236.000,3.71,3.72,3.73,3.74,3.75,2423,6389,5192,5486,7440,3.7,3.69,3.68,3.67,3.66,1563,1458,2256,6137,4156,1
2020-01-02 10:00:42,3.71,88.000,32648.000,3.71,3.72,3.73,3.74,3.75,2527,6794,5192,5486,7440,3.7,3.69,3.68,3.67,3.66,1563,1518,2356,6137,4206,1
2020-01-02 10:00:45,3.71,140.000,51808.000,3.71,3.72,3.73,3.74,3.75,2573,6794,5192,5486,7440,3.7,3.69,3.68,3.67,3.66,1565,1518,2456,6137,4209,1
2020-01-02 10:00:51,3.7,27.000,9988.000,3.71,3.72,3.73,3.74,3.75,2570,6882,5576,5529,7440,3.7,3.69,3.68,3.67,3.66,1546,1518,2545,6137,4209,0
2020-01-02 10:00:54,3.7,100.000,37000.000,3.71,3.72,3.73,3.74,3.75,2581,6882,5588,5529,7488,3.7,3.69,3.68,3.67,3.66,1446,1518,2545,6137,4209,0
2020-01-02 10:00:57,3.71,1.000,372.000,3.71,3.72,3.73,3.74,3.75,2600,6882,5588,5529,7498,3.7,3.69,3.68,3.67,3.66,1446,1519,2545,6137,4209,1
2020-01-02 10:01:00,3.71,104.000,38580.000,3.71,3.72,3.73,3.74,3.75,2470,6882,5588,5529,7498,3.7,3.69,3.68,3.67,3.66,1518,1532,2545,6137,4209,1
2020-01-02 10:01:03,3.7,104.000,38512.000,3.71,3.72,3.73,3.74,3.75,2539,7001,5588,5560,7656,3.7,3.69,3.68,3.67,3.66,1584,1532,2545,6137,4209,0
2020-01-02 10:01:06,3.7,95.000,35148.000,3.71,3.72,3.73,3.74,3.75,2598,7001,5588,5761,7656,3.7,3.69,3.68,3.67,3.66,1490,1562,2574,6137,4209,0
2020-01-02 10:01:09,3.7,2.000,740.000,3.71,3.72,3.73,3.74,3.75,2654,7004,5588,5761,7656,3.7,3.69,3.68,3.67,3.66,1489,1562,2590,6424,4209,0
2020-01-02 10:01:12,3.7,25.000,9252.000,3.71,3.72,3.73,3.74,3.75,2658,7004,5588,5761,7656,3.7,3.69,3.68,3.67,3.66,1731,1585,2692,6424,4209,0
2020-01-02 10:01:15,3.71,32.000,11872.000,3.71,3.72,3.73,3.74,3.75,2721,6803,5608,5881,7656,3.7,3.69,3.68,3.67,3.66,1656,1585,2692,6424,4209,1
2020-01-02 10:01:18,3.71,12.000,4452.000,3.71,3.72,3.73,3.74,3.75,2710,6803,5608,5881,7618,3.7,3.69,3.68,3.67,3.66,1647,1585,2692,6424,4209,1
2020-01-02 10:01:21,3.71,24.000,8892.000,3.71,3.72,3.73,3.74,3.75,3101,6804,5660,5781,7618,3.7,3.69,3.68,3.67,3.66,1645,1585,2692,6424,4209,1
2020-01-02 10:01:24,3.71,30.000,11128.000,3.71,3.72,3.73,3.74,3.75,3163,6804,5660,5781,7618,3.7,3.69,3.68,3.67,3.66,1668,1585,2692,6424,4209,1
2020-01-02 10:01:28,3.7,50.000,18500.000,3.71,3.72,3.73,3.74,3.75,3716,6804,5660,5910,7618,3.7,3.69,3.68,3.67,3.66,1614,1640,2692,6424,4209,0
2020-01-02 10:01:33,3.71,301.000,111672.000,3.71,3.72,3.73,3.74,3.75,3536,6824,5660,6110,7618,3.7,3.69,3.68,3.67,3.66,2113,1640,2692,6424,4209,1
2020-01-02 10:01:36,3.7,104.000,38556.000,3.71,3.72,3.73,3.74,3.75,3670,6828,5660,6110,7618,3.7,3.69,3.68,3.67,3.66,2085,1690,2692,6424,4209,0
2020-01-02 10:01:42,3.71,10.000,3708.000,3.71,3.72,3.73,3.74,3.75,4176,6888,5660,6110,7818,3.7,3.69,3.68,3.67,3.66,2195,1690,2770,6424,4254,1
2020-01-02 10:01:45,3.7,56.000,20720.000,3.71,3.72,3.73,3.74,3.75,4179,6974,5660,6110,7818,3.7,3.69,3.68,3.67,3.66,2239,1690,2770,6444,4254,0
2020-01-02 10:01:48,3.7,181.000,66972.000,3.71,3.72,3.73,3.74,3.75,4292,6974,5660,6110,7828,3.7,3.69,3.68,3.67,3.66,2058,1690,2770,6444,4254,0
2020-01-02 10:01:51,3.71,39.000,14440.000,3.71,3.72,3.73,3.74,3.75,4281,6974,5710,6110,7928,3.7,3.69,3.68,3.67,3.66,2085,1690,2770,6444,4254,1
2020-01-02 10:01:54,3.7,4.000,1480.000,3.71,3.72,3.73,3.74,3.75,4286,6974,5710,6134,7928,3.7,3.69,3.68,3.67,3.66,2083,1790,2770,6444,4254,0
2020-01-02 10:01:57,3.71,26.000,9644.000,3.71,3.72,3.73,3.74,3.75,4299,6974,6010,6134,7928,3.7,3.69,3.68,3.67,3.66,2078,1790,2770,6444,4254,1
2020-01-02 10:02:00,3.7,23.000,8508.000,3.71,3.72,3.73,3.74,3.75,4407,6989,6020,6114,7928,3.7,3.69,3.68,3.67,3.66,2069,1790,2770,6444,4254,0
2020-01-02 10:02:03,3.7,303.000,112112.000,3.71,3.72,3.73,3.74,3.75,4450,6930,6020,6114,7928,3.7,3.69,3.68,3.67,3.66,2136,1805,2810,6444,4304,0
2020-01-02 10:02:06,3.71,262.000,97200.000,3.71,3.72,3.73,3.74,3.75,4237,6930,6020,6169,7928,3.7,3.69,3.68,3.67,3.66,2002,1805,2810,6444,4304,1
2020-01-02 10:02:09,3.7,10.000,3700.000,3.71,3.72,3.73,3.74,3.75,4606,6947,6020,6169,7928,3.7,3.69,3.68,3.67,3.66,1992,1805,2938,6444,4331,0
2020-01-02 10:02:15,3.71,59.000,21888.000,3.71,3.72,3.73,3.74,3.75,4641,6947,6220,6169,7928,3.7,3.69,3.68,3.67,3.66,2034,1805,2943,6444,4331,1
2020-01-02 10:02:18,3.71,78.000,28864.000,3.71,3.72,3.73,3.74,3.75,4499,6947,6520,6169,7991,3.7,3.69,3.68,3.67,3.66,1867,1805,2943,6476,4331,1
2020-01-02 10:02:21,3.7,62.000,22940.000,3.71,3.72,3.73,3.74,3.75,4687,6947,6520,6169,8015,3.7,3.69,3.68,3.67,3.66,1822,1805,2943,6476,4332,0
2020-01-02 10:02:24,3.7,34.000,12580.000,3.71,3.72,3.73,3.74,3.75,4704,6947,6750,6469,8015,3.7,3.69,3.68,3.67,3.66,1790,1792,2942,6476,4332,0
2020-01-02 10:02:27,3.7,1928.000,713496.000,3.7,3.71,3.72,3.73,3.74,2017,4566,6947,6750,6456,3.69,3.68,3.67,3.66,3.65,1792,2938,6476,4332,3407,0
2020-01-02 10:02:33,3.7,10.000,3704.000,3.7,3.71,3.72,3.73,3.74,2079,4983,6873,6757,6456,3.69,3.68,3.67,3.66,3.65,1794,2938,6506,4332,3407,1
2020-01-02 10:02:36,3.7,176.000,65120.000,3.7,3.71,3.72,3.73,3.74,1971,5076,6873,6757,6456,3.69,3.68,3.67,3.66,3.65,1794,2938,6506,4442,3407,1
2020-01-02 10:02:39,3.69,478.000,176856.000,3.7,3.71,3.72,3.73,3.74,1580,5056,7173,6757,6306,3.69,3.68,3.67,3.66,3.65,1792,2938,6506,4442,3407,0
2020-01-02 10:02:42,3.7,91.000,33616.000,3.7,3.71,3.72,3.73,3.74,1532,4918,7173,6757,6306,3.69,3.68,3.67,3.66,3.65,1789,2938,6506,4412,3407,1
2020-01-02 10:02:45,3.69,23.000,8488.000,3.7,3.71,3.72,3.73,3.74,1569,4699,7188,6757,6306,3.69,3.68,3.67,3.66,3.65,1766,3038,6506,4422,3408,0
2020-01-02 10:02:48,3.7,13.000,4808.000,3.7,3.71,3.72,3.73,3.74,1586,4818,7242,6757,6306,3.69,3.68,3.67,3.66,3.65,1737,3038,6506,4422,3308,1
2020-01-02 10:02:51,3.7,43.000,15888.000,3.7,3.71,3.72,3.73,3.74,1687,5041,7242,6757,6301,3.69,3.68,3.67,3.66,3.65,2018,3038,6506,4422,3335,1
2020-01-02 10:02:54,3.69,1.000,368.000,3.7,3.71,3.72,3.73,3.74,1727,5020,7242,6768,6301,3.69,3.68,3.67,3.66,3.65,2017,3088,6506,4422,3335,0
2020-01-02 10:02:57,3.7,80.000,29600.000,3.7,3.71,3.72,3.73,3.74,1657,5020,7242,6768,6301,3.69,3.68,3.67,3.66,3.65,2027,2960,6506,4422,3335,1
2020-01-02 10:03:03,3.69,50.000,18452.000,3.7,3.71,3.72,3.73,3.74,1880,5278,7242,6798,6321,3.69,3.68,3.67,3.66,3.65,2147,2989,6506,4422,3335,0
2020-01-02 10:03:09,3.7,1.000,372.000,3.7,3.71,3.72,3.73,3.74,2136,5564,7242,6798,6321,3.69,3.68,3.67,3.66,3.65,2147,2802,6506,4422,3335,1
2020-01-02 10:03:16,3.69,38.000,14048.000,3.7,3.71,3.72,3.73,3.74,2832,5673,7242,6798,6321,3.69,3.68,3.67,3.66,3.65,2140,2802,6506,4422,3335,0
2020-01-02 10:03:21,3.7,100.000,37000.000,3.7,3.71,3.72,3.73,3.74,2903,5830,7249,6798,6321,3.69,3.68,3.67,3.66,3.65,2240,2802,6511,4422,3335,1
2020-01-02 10:03:24,3.7,8.000,2960.000,3.7,3.71,3.72,3.73,3.74,3197,5853,7249,6828,6321,3.69,3.68,3.67,3.66,3.65,2280,2802,6511,4422,3335,1
2020-01-02 10:03:27,3.69,20.000,7384.000,3.7,3.71,3.72,3.73,3.74,4210,5821,7249,6828,6321,3.69,3.68,3.67,3.66,3.65,2260,2802,6511,4422,3335,0
2020-01-02 10:03:31,3.69,15.000,5532.000,3.7,3.71,3.72,3.73,3.74,4400,5901,7249,6828,6321,3.69,3.68,3.67,3.66,3.65,2245,2802,6511,4422,3335,0
2020-01-02 10:03:36,3.7,273.000,101012.000,3.7,3.71,3.72,3.73,3.74,4443,5939,7249,6828,6391,3.69,3.68,3.67,3.66,3.65,2449,2802,6511,4422,3335,1
2020-01-02 10:03:40,3.7,57.000,21088.000,3.7,3.71,3.72,3.73,3.74,5217,5939,7249,6828,6391,3.69,3.68,3.67,3.66,3.65,2366,2802,6511,4422,3335,1
2020-01-02 10:03:43,3.69,158.000,58312.000,3.7,3.71,3.72,3.73,3.74,5243,5939,7249,6828,6391,3.69,3.68,3.67,3.66,3.65,2219,2926,6511,4422,3335,0
2020-01-02 10:03:45,3.69,111.000,41048.000,3.7,3.71,3.72,3.73,3.74,5254,5939,7221,6828,6391,3.69,3.68,3.67,3.66,3.65,3755,2926,6511,4422,3335,0
2020-01-02 10:03:48,3.7,119.000,44032.000,3.7,3.71,3.72,3.73,3.74,5160,5939,7221,6828,6391,3.69,3.68,3.67,3.66,3.65,4136,2926,6511,4422,3335,1
2020-01-02 10:03:51,3.69,47.000,17340.000,3.7,3.71,3.72,3.73,3.74,5160,5939,7221,6900,6391,3.69,3.68,3.67,3.66,3.65,4099,2926,6511,4422,3335,0
2020-01-02 10:03:54,3.7,20.000,7400.000,3.7,3.71,3.72,3.73,3.74,5197,5939,7266,6900,6391,3.69,3.68,3.67,3.66,3.65,4055,2936,6224,4422,3385,1
2020-01-02 10:03:58,3.7,33.000,12200.000,3.7,3.71,3.72,3.73,3.74,5182,5928,7246,6900,6391,3.69,3.68,3.67,3.66,3.65,4163,2946,6224,4422,3385,1
2020-01-02 10:04:00,3.69,334.000,123432.000,3.7,3.71,3.72,3.73,3.74,4981,5904,7246,6900,6391,3.69,3.68,3.67,3.66,3.65,4014,2946,6224,4422,3385,0
2020-01-02 10:04:04,3.7,54.000,19980.000,3.7,3.71,3.72,3.73,3.74,4977,5910,7246,6900,6391,3.69,3.68,3.67,3.66,3.65,4064,2946,6224,4422,3385,1
2020-01-02 10:04:12,3.7,1.000,368.000,3.7,3.71,3.72,3.73,3.74,5071,5910,7256,7065,6391,3.69,3.68,3.67,3.66,3.65,4485,2946,6334,4422,3385,1
2020-01-02 10:04:15,3.7,112.000,41432.000,3.7,3.71,3.72,3.73,3.74,5183,5890,7256,7095,6391,3.69,3.68,3.67,3.66,3.65,4474,2946,6334,4422,3385,1
2020-01-02 10:04:18,3.69,201.000,74252.000,3.7,3.71,3.72,3.73,3.74,4640,5889,7276,7095,6391,3.69,3.68,3.67,3.66,3.65,4357,2946,6334,4422,3385,0
2020-01-02 10:04:21,3.7,2.000,740.000,3.7,3.71,3.72,3.73,3.74,4638,5931,7276,6995,6391,3.69,3.68,3.67,3.66,3.65,4357,2946,6334,4451,3385,1
2020-01-02 10:04:25,3.7,4.000,1480.000,3.7,3.71,3.72,3.73,3.74,4684,5981,7206,6995,6391,3.69,3.68,3.67,3.66,3.65,4949,2946,6334,4451,3385,1
2020-01-02 10:04:28,3.69,70.000,25880.000,3.7,3.71,3.72,3.73,3.74,4634,5961,7306,6995,6391,3.69,3.68,3.67,3.66,3.65,5315,2946,6334,4451,3385,0
2020-01-02 10:04:33,3.69,20.000,7380.000,3.7,3.71,3.72,3.73,3.74,4825,6061,7306,7045,6391,3.69,3.68,3.67,3.66,3.65,5396,2946,6334,4449,3385,0
2020-01-02 10:04:36,3.7,51.000,18868.000,3.7,3.71,3.72,3.73,3.74,4842,5791,7306,7077,6691,3.69,3.68,3.67,3.66,3.65,5567,2946,6334,4449,3385,1
2020-01-02 10:04:45,3.7,324.000,119856.000,3.7,3.71,3.72,3.73,3.74,4513,5756,7306,7077,6611,3.69,3.68,3.67,3.66,3.65,3935,2907,6334,4449,3587,1
2020-01-02 10:04:48,3.7,1.000,372.000,3.7,3.71,3.72,3.73,3.74,4454,5756,7306,7077,6631,3.69,3.68,3.67,3.66,3.65,2410,2907,6334,4449,3588,1
2020-01-02 10:04:51,3.7,25.000,9228.000,3.7,3.71,3.72,3.73,3.74,4452,5756,7306,7077,6631,3.69,3.68,3.67,3.66,3.65,2285,2987,6334,4449,3563,1
2020-01-02 10:04:54,3.69,67.000,24748.000,3.7,3.71,3.72,3.73,3.74,4429,5812,7306,7077,6631,3.69,3.68,3.67,3.66,3.65,2244,2987,6334,4449,3563,0
2020-01-02 10:04:57,3.69,36.000,13284.000,3.7,3.71,3.72,3.73,3.74,4497,5817,7306,7077,6631,3.69,3.68,3.67,3.66,3.65,2237,2987,6334,4449,3563,0
2020-01-02 10:05:00,3.7,200.000,74000.000,3.7,3.71,3.72,3.73,3.74,4332,5817,7307,7077,6631,3.69,3.68,3.67,3.66,3.65,2237,2987,6334,4449,3562,1
2020-01-02 10:05:03,3.7,19.000,7032.000,3.7,3.71,3.72,3.73,3.74,4423,5817,7307,7077,6631,3.69,3.68,3.67,3.66,3.65,2237,2987,6334,4449,3562,1
2020-01-02 10:05:06,3.7,741.000,273468.000,3.7,3.71,3.72,3.73,3.74,5110,5887,7307,7077,6631,3.69,3.68,3.67,3.66,3.65,1537,2987,6334,4449,3552,1
2020-01-02 10:05:09,3.7,95.000,35064.000,3.7,3.71,3.72,3.73,3.74,5081,5887,7445,7077,6661,3.69,3.68,3.67,3.66,3.65,1652,2987,6334,4449,3502,1
2020-01-02 10:05:12,3.69,24.000,8856.000,3.7,3.71,3.72,3.73,3.74,5081,5887,7469,7077,6661,3.69,3.68,3.67,3.66,3.65,1633,2987,6334,4449,3502,0
2020-01-02 10:05:15,3.69,10.000,3692.000,3.7,3.71,3.72,3.73,3.74,5107,5887,7469,7077,6661,3.69,3.68,3.67,3.66,3.65,1624,2987,6334,4449,3544,0
2020-01-02 10:05:18,3.7,2.000,740.000,3.7,3.71,3.72,3.73,3.74,5105,5887,7469,7077,6661,3.69,3.68,3.67,3.66,3.65,1624,2987,6334,4449,3544,1
2020-01-02 10:05:21,3.69,17.000,6272.000,3.7,3.71,3.72,3.73,3.74,5121,5887,7474,7077,6661,3.69,3.68,3.67,3.66,3.65,1945,3067,6334,4449,3544,0
2020-01-02 10:05:25,3.69,1.000,372.000,3.7,3.71,3.72,3.73,3.74,5159,5887,7474,7077,6661,3.69,3.68,3.67,3.66,3.65,1954,3067,6334,4449,3544,0
2020-01-02 10:05:27,3.69,32.000,11808.000,3.7,3.71,3.72,3.73,3.74,5468,5867,7474,7077,6661,3.69,3.68,3.67,3.66,3.65,1932,3167,6344,4454,3544,0
2020-01-02 10:05:30,3.7,210.000,77688.000,3.7,3.71,3.72,3.73,3.74,5326,5907,7474,7077,6661,3.69,3.68,3.67,3.66,3.65,1930,3167,6344,4454,3544,1
2020-01-02 10:05:33,3.69,35.000,12916.000,3.7,3.71,3.72,3.73,3.74,5326,5907,7476,7077,6673,3.69,3.68,3.67,3.66,3.65,1995,3167,6344,4454,3544,0
2020-01-02 10:05:39,3.69,3.000,1108.000,3.7,3.71,3.72,3.73,3.74,5396,5907,7476,7077,6673,3.69,3.68,3.67,3.66,3.65,1997,3167,6344,4454,3544,0
2020-01-02 10:05:42,3.69,1.000,368.000,3.7,3.71,3.72,3.73,3.74,5447,5907,7476,7077,6685,3.69,3.68,3.67,3.66,3.65,1959,3217,6344,4464,3544,0
2020-01-02 10:05:45,3.7,24.000,8856.000,3.7,3.71,3.72,3.73,3.74,5578,5707,7476,7077,6685,3.69,3.68,3.67,3.66,3.65,1936,3217,6344,4464,3544,1
2020-01-02 10:05:48,3.69,30.000,11072.000,3.7,3.71,3.72,3.73,3.74,5738,5707,7479,7077,6685,3.69,3.68,3.67,3.66,3.65,2025,3277,6344,4454,3544,0
2020-01-02 10:05:51,3.7,123.000,45484.000,3.7,3.71,3.72,3.73,3.74,5988,5707,7479,7077,6685,3.69,3.68,3.67,3.66,3.65,2002,3377,6344,4454,3544,1
2020-01-02 10:05:54,3.7,60.000,22192.000,3.7,3.71,3.72,3.73,3.74,5938,5727,7479,7077,6685,3.69,3.68,3.67,3.66,3.65,1992,3377,6344,4454,3544,1
2020-01-02 10:05:57,3.69,126.000,46592.000,3.7,3.71,3.72,3.73,3.74,5869,5727,7479,7077,6685,3.69,3.68,3.67,3.66,3.65,1966,3377,6344,4454,3544,0
2020-01-02 10:06:00,3.7,37.000,13692.000,3.7,3.71,3.72,3.73,3.74,5832,5727,7479,7077,6685,3.69,3.68,3.67,3.66,3.65,2066,3377,6344,4454,3530,1
2020-01-02 10:06:03,3.7,50.000,18500.000,3.7,3.71,3.72,3.73,3.74,5819,5770,7479,7077,6685,3.69,3.68,3.67,3.66,3.65,2066,3406,6344,4454,3530,1
2020-01-02 10:06:06,3.7,30.000,11100.000,3.7,3.71,3.72,3.73,3.74,5781,5904,7479,7077,6685,3.69,3.68,3.67,3.66,3.65,2198,3466,6344,4454,3530,1
2020-01-02 10:06:15,3.69,10.000,3688.000,3.7,3.71,3.72,3.73,3.74,5834,5900,7479,7077,6685,3.69,3.68,3.67,3.66,3.65,2234,3466,6344,4454,3530,0
2020-01-02 10:06:18,3.7,110.000,40628.000,3.7,3.71,3.72,3.73,3.74,5929,5900,7479,7067,6685,3.69,3.68,3.67,3.66,3.65,2462,3516,6344,4454,3530,1
2020-01-02 10:06:21,3.69,2.000,740.000,3.7,3.71,3.72,3.73,3.74,5922,5900,7479,7067,6712,3.69,3.68,3.67,3.66,3.65,2460,3516,6344,4454,3530,0
2020-01-02 10:06:24,3.7,62.000,22940.000,3.7,3.71,3.72,3.73,3.74,5860,6080,7492,7067,6712,3.69,3.68,3.67,3.66,3.65,2460,3516,6344,4454,3530,1
2020-01-02 10:06:27,3.69,34.000,12544.000,3.7,3.71,3.72,3.73,3.74,6080,6080,7492,7067,6762,3.69,3.68,3.67,3.66,3.65,2559,3516,6344,4454,3520,0
2020-01-02 10:06:30,3.69,20.000,7380.000,3.7,3.71,3.72,3.73,3.74,6097,6140,7494,7067,6881,3.69,3.68,3.67,3.66,3.65,2539,3516,6344,4454,3520,0
2020-01-02 10:06:33,3.69,30.000,11072.000,3.7,3.71,3.72,3.73,3.74,5997,6140,7494,7067,6881,3.69,3.68,3.67,3.66,3.65,2509,3516,6344,4354,3520,0
2020-01-02 10:06:36,3.69,30.000,11088.000,3.7,3.71,3.72,3.73,3.74,5990,6140,7494,7067,6881,3.69,3.68,3.67,3.66,3.65,2915,3516,6344,4354,3520,0
2020-01-02 10:06:39,3.69,17.000,6272.000,3.7,3.71,3.72,3.73,3.74,5935,6140,7494,7227,6884,3.69,3.68,3.67,3.66,3.65,2904,3516,6344,4354,3520,0
2020-01-02 10:06:42,3.69,32.000,11808.000,3.7,3.71,3.72,3.73,3.74,5935,6140,7494,7227,6884,3.69,3.68,3.67,3.66,3.65,2890,3516,6344,4354,3520,0
2020-01-02 10:06:45,3.69,271.000,100136.000,3.7,3.71,3.72,3.73,3.74,5859,6141,7494,7227,6884,3.69,3.68,3.67,3.66,3.65,2755,3626,6344,4354,3520,0
2020-01-02 10:06:48,3.69,5.000,1844.000,3.7,3.71,3.72,3.73,3.74,5926,6141,7559,7227,6884,3.69,3.68,3.67,3.66,3.65,2750,3626,6344,4354,3520,0
2020-01-02 10:06:51,3.69,36.000,13284.000,3.7,3.71,3.72,3.73,3.74,5926,6141,7559,7227,6884,3.69,3.68,3.67,3.66,3.65,2813,3626,6344,4349,3520,0
2020-01-02 10:06:54,3.69,254.000,93728.000,3.7,3.71,3.72,3.73,3.74,6070,6141,7559,7227,6884,3.69,3.68,3.67,3.66,3.65,2562,3626,6344,4349,3520,0
2020-01-02 10:06:57,3.69,37.000,13656.000,3.7,3.71,3.72,3.73,3.74,6147,6147,7559,7227,6909,3.69,3.68,3.67,3.66,3.65,2535,3626,6344,4349,3520,0
2020-01-02 10:07:06,3.69,21.000,7748.000,3.7,3.71,3.72,3.73,3.74,6191,6278,7745,7227,6909,3.69,3.68,3.67,3.66,3.65,2514,3626,6384,4349,3520,0
2020-01-02 10:07:09,3.69,7.000,2584.000,3.7,3.71,3.72,3.73,3.74,6196,6283,7745,7227,6909,3.69,3.68,3.67,3.66,3.65,2507,3636,6384,4349,3520,0
2020-01-02 10:07:12,3.7,10.000,3700.000,3.7,3.71,3.72,3.73,3.74,6186,6283,7745,7222,6909,3.69,3.68,3.67,3.66,3.65,2513,3636,6384,4349,3520,1
2020-01-02 10:07:15,3.69,64.000,23616.000,3.7,3.71,3.72,3.73,3.74,6168,6415,7745,7222,6909,3.69,3.68,3.67,3.66,3.65,2449,3636,6384,4351,3520,0
2020-01-02 10:07:18,3.69,3.000,1104.000,3.7,3.71,3.72,3.73,3.74,6168,6415,7745,7222,6909,3.69,3.68,3.67,3.66,3.65,2446,3636,6384,4351,3520,0
2020-01-02 10:07:24,3.69,105.000,38752.000,3.7,3.71,3.72,3.73,3.74,6311,6025,7745,7302,6909,3.69,3.68,3.67,3.66,3.65,2546,3641,6384,4351,3520,0
2020-01-02 10:07:27,3.69,19.000,7012.000,3.7,3.71,3.72,3.73,3.74,6375,6025,7795,7302,6909,3.69,3.68,3.67,3.66,3.65,2527,3641,6384,4353,3520,0
2020-01-02 10:07:30,3.7,1.000,368.000,3.7,3.71,3.72,3.73,3.74,6478,6025,7795,7302,6909,3.69,3.68,3.67,3.66,3.65,2527,3641,6384,4353,3520,1
2020-01-02 10:07:33,3.69,66.000,24356.000,3.7,3.71,3.72,3.73,3.74,6478,6025,7795,7302,6909,3.69,3.68,3.67,3.66,3.65,2441,3641,6384,4203,3520,0
2020-01-02 10:07:39,3.69,13.000,4796.000,3.7,3.71,3.72,3.73,3.74,6500,6035,7795,7302,6909,3.69,3.68,3.67,3.66,3.65,2410,3641,6384,4203,3520,0
2020-01-02 10:07:42,3.69,17.000,6272.000,3.7,3.71,3.72,3.73,3.74,6640,6035,7795,7302,6909,3.69,3.68,3.67,3.66,3.65,2393,3641,6234,4203,3520,0
2020-01-02 10:07:45,3.7,39.000,14408.000,3.7,3.71,3.72,3.73,3.74,6625,6179,7793,7302,6909,3.69,3.68,3.67,3.66,3.65,2370,3641,6234,4203,3520,1
2020-01-02 10:07:51,3.7,71.000,26204.000,3.7,3.71,3.72,3.73,3.74,6637,6179,7743,7322,6909,3.69,3.68,3.67,3.66,3.65,2347,3679,6244,4203,3520,1
2020-01-02 10:07:54,3.7,10.000,3704.000,3.7,3.71,3.72,3.73,3.74,6627,6189,7693,7322,6909,3.69,3.68,3.67,3.66,3.65,2347,3679,6244,4203,3520,1
2020-01-02 10:07:58,3.69,38.000,14020.000,3.7,3.71,3.72,3.73,3.74,6627,6189,7693,7322,6909,3.69,3.68,3.67,3.66,3.65,2319,3679,6244,4203,3520,0
2020-01-02 10:08:00,3.69,34.000,12548.000,3.7,3.71,3.72,3.73,3.74,6610,6089,7693,7222,6909,3.69,3.68,3.67,3.66,3.65,2300,3679,6244,4203,3520,0
2020-01-02 10:08:03,3.69,62.000,22888.000,3.7,3.71,3.72,3.73,3.74,6470,6089,7753,7222,6909,3.69,3.68,3.67,3.66,3.65,2281,3679,6244,4203,3520,0
2020-01-02 10:08:09,3.7,1.000,372.000,3.7,3.71,3.72,3.73,3.74,6558,6089,7653,7222,6909,3.69,3.68,3.67,3.66,3.65,2331,3679,6244,4203,3520,1
2020-01-02 10:08:12,3.69,18.000,6652.000,3.7,3.71,3.72,3.73,3.74,6546,6089,7653,7222,6909,3.69,3.68,3.67,3.66,3.65,2325,3679,6244,4203,3520,0
2020-01-02 10:08:15,3.69,12.000,4428.000,3.7,3.71,3.72,3.73,3.74,6632,6089,7653,7222,6909,3.69,3.68,3.67,3.66,3.65,2313,3679,6244,4203,3520,0
2020-01-02 10:08:18,3.69,15.000,5536.000,3.7,3.71,3.72,3.73,3.74,6680,6089,7653,7222,6909,3.69,3.68,3.67,3.66,3.65,2298,3925,6244,4203,3520,0
2020-01-02 10:08:21,3.7,346.000,127680.000,3.7,3.71,3.72,3.73,3.74,6676,6089,7653,7222,6950,3.69,3.68,3.67,3.66,3.65,1962,3925,6244,4203,3520,1
2020-01-02 10:08:24,3.69,30.000,11068.000,3.7,3.71,3.72,3.73,3.74,6706,6119,7653,7222,6950,3.69,3.68,3.67,3.66,3.65,2492,3925,6244,4203,3520,0
2020-01-02 10:08:33,3.69,650.000,239852.000,3.7,3.71,3.72,3.73,3.74,7233,6124,7673,7222,6950,3.69,3.68,3.67,3.66,3.65,1785,3825,6263,4203,3520,0
2020-01-02 10:08:36,3.69,16.000,5904.000,3.7,3.71,3.72,3.73,3.74,7224,6124,7673,7142,6950,3.69,3.68,3.67,3.66,3.65,1801,3825,6263,4203,3520,0
2020-01-02 10:08:39,3.69,32.000,11808.000,3.7,3.71,3.72,3.73,3.74,7249,6130,7673,7142,6990,3.69,3.68,3.67,3.66,3.65,1769,3825,6263,4203,3520,0
2020-01-02 10:08:42,3.69,2.000,740.000,3.7,3.71,3.72,3.73,3.74,7249,6130,7673,7142,6990,3.69,3.68,3.67,3.66,3.65,1767,3825,6263,4203,3520,0
2020-01-02 10:08:45,3.69,27.000,9960.000,3.7,3.71,3.72,3.73,3.74,7249,6130,7673,7142,6990,3.69,3.68,3.67,3.66,3.65,1740,3825,6263,4203,3520,0
2020-01-02 10:08:48,3.69,1305.000,481544.000,3.7,3.71,3.72,3.73,3.74,7265,6130,7673,7142,6990,3.69,3.68,3.67,3.66,3.65,444,3825,6263,4203,3520,0
2020-01-02 10:08:51,3.69,445.000,164208.000,3.69,3.7,3.71,3.72,3.73,222,7420,6130,7673,7142,3.68,3.67,3.66,3.65,3.64,3825,6263,4223,3520,7147,0
2020-01-02 10:08:54,3.69,93.000,34316.000,3.69,3.7,3.71,3.72,3.73,156,7420,6130,7673,7142,3.68,3.67,3.66,3.65,3.64,3825,6263,4223,3520,7147,1
2020-01-02 10:08:57,3.69,46.000,16948.000,3.69,3.7,3.71,3.72,3.73,406,7420,6210,7673,7142,3.68,3.67,3.66,3.65,3.64,3799,6263,4223,3520,7147,1
2020-01-02 10:09:00,3.69,6.000,2216.000,3.69,3.7,3.71,3.72,3.73,431,7404,6210,7673,7142,3.68,3.67,3.66,3.65,3.64,3799,6264,4223,3520,7147,1
2020-01-02 10:09:03,3.69,7.000,2584.000,3.69,3.7,3.71,3.72,3.73,437,7456,6200,7673,7142,3.68,3.67,3.66,3.65,3.64,3799,6264,4223,3520,7147,1
2020-01-02 10:09:09,3.69,121.000,44648.000,3.69,3.7,3.71,3.72,3.73,454,7508,6200,7673,7142,3.68,3.67,3.66,3.65,3.64,4062,6276,4223,3520,7147,1
2020-01-02 10:09:15,3.68,11.000,4048.000,3.69,3.7,3.71,3.72,3.73,554,7508,6212,7673,7192,3.68,3.67,3.66,3.65,3.64,4147,6276,4223,3520,7147,0
2020-01-02 10:09:18,3.68,30.000,11052.000,3.69,3.7,3.71,3.72,3.73,521,7508,6212,7673,7192,3.68,3.67,3.66,3.65,3.64,4131,6276,4223,3520,7147,0
2020-01-02 10:09:21,3.69,238.000,87824.000,3.69,3.7,3.71,3.72,3.73,283,7514,6212,7673,7192,3.68,3.67,3.66,3.65,3.64,4133,6276,4223,3620,7147,1
2020-01-02 10:09:24,3.68,5.000,1840.000,3.69,3.7,3.71,3.72,3.73,283,7664,6212,7673,7192,3.68,3.67,3.66,3.65,3.64,4128,6276,4223,3620,7147,0
2020-01-02 10:09:27,3.68,120.000,44160.000,3.69,3.7,3.71,3.72,3.73,201,7666,6212,7623,7192,3.68,3.67,3.66,3.65,3.64,4078,6276,4223,3620,7147,0
2020-01-02 10:09:30,3.69,10.000,3688.000,3.69,3.7,3.71,3.72,3.73,191,7875,6212,7623,7192,3.68,3.67,3.66,3.65,3.64,4901,6276,4223,3620,7147,1
2020-01-02 10:09:33,3.69,10.000,3692.000,3.69,3.7,3.71,3.72,3.73,399,7875,6212,7623,7192,3.68,3.67,3.66,3.65,3.64,5448,6276,4223,3620,7147,1
2020-01-02 10:09:36,3.69,40.000,14760.000,3.69,3.7,3.71,3.72,3.73,381,7930,6212,7623,7192,3.68,3.67,3.66,3.65,3.64,6092,6256,4232,3620,7147,1
2020-01-02 10:09:39,3.69,4.000,1476.000,3.69,3.7,3.71,3.72,3.73,402,7930,6212,7623,7192,3.68,3.67,3.66,3.65,3.64,6439,6256,4232,3620,7147,1
2020-01-02 10:09:42,3.68,100.000,36800.000,3.69,3.7,3.71,3.72,3.73,502,7930,6232,7623,7192,3.68,3.67,3.66,3.65,3.64,6369,6256,4232,3620,7147,0
2020-01-02 10:09:45,3.68,23.000,8464.000,3.69,3.7,3.71,3.72,3.73,522,7930,6242,7623,7192,3.68,3.67,3.66,3.65,3.64,6396,6256,4232,3620,7147,0
2020-01-02 10:09:48,3.68,40.000,14748.000,3.69,3.7,3.71,3.72,3.73,542,7930,6242,7623,7192,3.68,3.67,3.66,3.65,3.64,6855,6256,4232,3620,7157,0
2020-01-02 10:09:51,3.68,23.000,8464.000,3.69,3.7,3.71,3.72,3.73,534,7905,6242,7623,7192,3.68,3.67,3.66,3.65,3.64,7098,6256,4232,3620,7157,0
2020-01-02 10:09:54,3.69,41.000,15104.000,3.69,3.7,3.71,3.72,3.73,548,7905,6242,7623,7192,3.68,3.67,3.66,3.65,3.64,7070,6256,4232,3620,7157,1
2020-01-02 10:09:57,3.68,200.000,73600.000,3.69,3.7,3.71,3.72,3.73,548,8012,6242,7645,7192,3.68,3.67,3.66,3.65,3.64,6870,6256,4232,3620,7157,0
2020-01-02 10:10:03,3.69,5.000,1844.000,3.69,3.7,3.71,3.72,3.73,543,7981,6242,7645,7192,3.68,3.67,3.66,3.65,3.64,7018,6256,4232,3620,7100,1
2020-01-02 10:10:06,3.69,194.000,71584.000,3.69,3.7,3.71,3.72,3.73,365,7981,6168,7645,7192,3.68,3.67,3.66,3.65,3.64,7018,6256,4232,3620,7100,1
2020-01-02 10:10:09,3.69,397.000,146492.000,3.7,3.71,3.72,3.73,3.74,7985,6168,7645,7192,6990,3.69,3.68,3.67,3.66,3.65,478,7018,6256,4232,3650,1
2020-01-02 10:10:12,3.69,50.000,18452.000,3.7,3.71,3.72,3.73,3.74,7948,6168,7645,7192,6990,3.69,3.68,3.67,3.66,3.65,628,7018,6232,4252,3650,0
2020-01-02 10:10:15,3.69,32.000,11808.000,3.7,3.71,3.72,3.73,3.74,7948,6168,7645,7192,6990,3.69,3.68,3.67,3.66,3.65,596,7018,6232,4252,3650,0
2020-01-02 10:10:18,3.7,20.000,7388.000,3.7,3.71,3.72,3.73,3.74,7988,6168,7625,7192,6990,3.69,3.68,3.67,3.66,3.65,636,7074,6232,4252,3650,1
2020-01-02 10:10:21,3.69,127.000,46868.000,3.7,3.71,3.72,3.73,3.74,7903,5670,7635,7192,6990,3.69,3.68,3.67,3.66,3.65,514,7074,6232,4281,3650,0
2020-01-02 10:10:24,3.69,38.000,14024.000,3.7,3.71,3.72,3.73,3.74,7927,5681,7635,7192,7020,3.69,3.68,3.67,3.66,3.65,476,7074,6232,4281,3650,0
2020-01-02 10:10:27,3.69,107.000,39484.000,3.7,3.71,3.72,3.73,3.74,7927,5681,7635,7192,7020,3.69,3.68,3.67,3.66,3.65,469,7074,6232,4541,3650,0
2020-01-02 10:10:33,3.69,499.000,184128.000,3.69,3.7,3.71,3.72,3.73,30,8054,5681,7615,7192,3.68,3.67,3.66,3.65,3.64,7074,6242,4541,3650,7157,0
2020-01-02 10:10:36,3.69,191.000,70624.000,3.69,3.7,3.71,3.72,3.73,623,7839,5543,7615,7192,3.68,3.67,3.66,3.65,3.64,6971,6242,4541,3650,7157,1
2020-01-02 10:10:39,3.69,133.000,49076.000,3.69,3.7,3.71,3.72,3.73,490,7864,5523,7615,7192,3.68,3.67,3.66,3.65,3.64,6911,6242,4541,3650,7157,1
2020-01-02 10:10:45,3.68,24.000,8832.000,3.69,3.7,3.71,3.72,3.73,691,7962,5573,7615,7192,3.68,3.67,3.66,3.65,3.64,6215,6242,4541,3677,7157,0
2020-01-02 10:10:48,3.69,607.000,223980.000,3.69,3.7,3.71,3.72,3.73,84,8123,5573,7555,7192,3.68,3.67,3.66,3.65,3.64,6186,6241,4541,3677,7157,1
2020-01-02 10:10:51,3.68,60.000,22080.000,3.69,3.7,3.71,3.72,3.73,84,8267,5573,7555,7192,3.68,3.67,3.66,3.65,3.64,6126,6241,4541,3677,7157,0
2020-01-02 10:10:54,3.68,52.000,19148.000,3.69,3.7,3.71,3.72,3.73,74,8267,5573,7555,7192,3.68,3.67,3.66,3.65,3.64,6084,6241,4541,3677,7157,0
2020-01-02 10:10:57,3.69,78.000,28780.000,3.7,3.71,3.72,3.73,3.74,8267,5577,7481,7192,7050,3.69,3.68,3.67,3.66,3.65,5,6109,6241,4541,3677,1
2020-01-02 10:11:00,3.69,3.000,1108.000,3.7,3.71,3.72,3.73,3.74,8306,5577,7481,7192,7050,3.69,3.68,3.67,3.66,3.65,3,6108,6241,4541,3677,0
2020-01-02 10:11:03,3.69,33.000,12180.000,3.69,3.7,3.71,3.72,3.73,93,8219,5577,7481,7192,3.68,3.67,3.66,3.65,3.64,6109,6248,4541,3677,7157,0
2020-01-02 10:11:06,3.69,49.000,18080.000,3.69,3.7,3.71,3.72,3.73,45,8238,5577,7481,7192,3.68,3.67,3.66,3.65,3.64,6109,6248,4541,3677,7157,1
2020-01-02 10:11:09,3.69,90.000,33208.000,3.7,3.71,3.72,3.73,3.74,8180,5647,7481,7192,7050,3.69,3.68,3.67,3.66,3.65,326,6110,6248,4541,3637,1
2020-01-02 10:11:12,3.7,7.000,2592.000,3.7,3.71,3.72,3.73,3.74,8173,5647,7481,7192,7050,3.69,3.68,3.67,3.66,3.65,326,6180,6248,4541,3637,1
2020-01-02 10:11:16,3.69,22.000,8120.000,3.7,3.71,3.72,3.73,3.74,8172,5647,7481,7192,7050,3.69,3.68,3.67,3.66,3.65,305,6180,6248,4541,3651,0
2020-01-02 10:11:18,3.7,3.000,1108.000,3.7,3.71,3.72,3.73,3.74,8089,5647,7481,7292,7050,3.69,3.68,3.67,3.66,3.65,305,6180,6248,4541,3637,1
2020-01-02 10:11:25,3.69,20.000,7380.000,3.7,3.71,3.72,3.73,3.74,8089,5637,7483,7306,7134,3.69,3.68,3.67,3.66,3.65,290,6170,6261,4541,3637,0
2020-01-02 10:11:27,3.7,20.000,7400.000,3.7,3.71,3.72,3.73,3.74,8083,5659,7503,7306,7134,3.69,3.68,3.67,3.66,3.65,290,6170,6311,4551,3637,1
2020-01-02 10:11:33,3.69,300.000,110700.000,3.69,3.7,3.71,3.72,3.73,352,8414,5659,7503,7306,3.68,3.67,3.66,3.65,3.64,5885,6361,4551,3637,7157,0
2020-01-02 10:11:36,3.69,70.000,25828.000,3.69,3.7,3.71,3.72,3.73,287,8446,5659,7503,7306,3.68,3.67,3.66,3.65,3.64,5647,6377,4551,3637,7157,1
2020-01-02 10:11:39,3.69,306.000,112916.000,3.7,3.71,3.72,3.73,3.74,8448,5659,7503,7306,7164,3.69,3.68,3.67,3.66,3.65,135,4934,6377,4551,3637,1
2020-01-02 10:11:42,3.69,3.000,1108.000,3.7,3.71,3.72,3.73,3.74,8563,6159,7503,7306,7164,3.69,3.68,3.67,3.66,3.65,172,4689,6377,4551,3637,0
2020-01-02 10:11:46,3.69,23.000,8488.000,3.7,3.71,3.72,3.73,3.74,8643,6159,7503,7306,7164,3.69,3.68,3.67,3.66,3.65,149,4581,6377,4551,3637,0
2020-01-02 10:11:48,3.7,131.000,48336.000,3.7,3.71,3.72,3.73,3.74,8642,6159,7503,7311,7164,3.69,3.68,3.67,3.66,3.65,29,4325,6677,4551,3637,1
2020-01-02 10:11:51,3.69,44.000,16240.000,3.69,3.7,3.71,3.72,3.73,38,9108,6159,7503,7311,3.68,3.67,3.66,3.65,3.64,4285,6677,4565,3637,7157,0
2020-01-02 10:11:54,3.68,48.000,17672.000,3.69,3.7,3.71,3.72,3.73,28,9108,6159,7503,7321,3.68,3.67,3.66,3.65,3.64,4256,6687,4579,3637,7157,0
2020-01-02 10:11:57,3.69,66.000,24352.000,3.69,3.7,3.71,3.72,3.73,2,9108,6159,7503,7321,3.68,3.67,3.66,3.65,3.64,4283,6687,4579,3637,7157,1
2020-01-02 10:12:00,3.69,11.000,4060.000,3.7,3.71,3.72,3.73,3.74,9142,6159,7503,7321,7169,3.69,3.68,3.67,3.66,3.65,19,4285,6687,4579,3637,1
2020-01-02 10:12:04,3.69,16.000,5904.000,3.7,3.71,3.72,3.73,3.74,9092,6159,7503,7321,7169,3.69,3.68,3.67,3.66,3.65,3,4335,6687,4579,3637,0
2020-01-02 10:12:06,3.68,13.000,4788.000,3.69,3.7,3.71,3.72,3.73,58,9092,6189,7503,7338,3.68,3.67,3.66,3.65,3.64,4325,6687,4579,3637,7057,0
