Time,Price,Volume,Amount,SP1,SP2,SP3,SP4,SP5,SV1,SV2,SV3,SV4,SV5,BP1,BP2,BP3,BP4,BP5,BV1,BV2,BV3,BV4,BV5,isBuy
2020-01-02 09:15:09,9.53,0.000,0.000,9.53,0,0,0,0,2,0,0,0,0,9.53,0,0,0,0,2,10,0,0,0,1
2020-01-02 09:15:54,9.53,0.000,0.000,9.53,0,0,0,0,2,0,0,0,0,9.53,0,0,0,0,2,19,0,0,0,1
2020-01-02 09:16:12,9.53,0.000,0.000,9.53,0,0,0,0,2,0,0,0,0,9.53,0,0,0,0,2,20,0,0,0,1
2020-01-02 09:17:24,9.53,0.000,0.000,9.53,0,0,0,0,2,0,0,0,0,9.53,0,0,0,0,2,11,0,0,0,1
2020-01-02 09:23:00,9.54,0.000,0.000,9.54,0,0,0,0,2,0,0,0,0,9.54,0,0,0,0,2,1,0,0,0,1
2020-01-02 09:23:45,9.54,0.000,0.000,9.54,0,0,0,0,3,9,0,0,0,9.54,0,0,0,0,3,0,0,0,0,1
2020-01-02 09:24:31,9.54,0.000,0.000,9.54,0,0,0,0,12,0,0,0,0,9.54,0,0,0,0,12,24,0,0,0,1
2020-01-02 09:24:40,9.55,0.000,0.000,9.55,0,0,0,0,12,0,0,0,0,9.55,0,0,0,0,12,82,0,0,0,1
2020-01-02 09:24:58,9.56,0.000,0.000,9.56,0,0,0,0,12,0,0,0,0,9.56,0,0,0,0,12,30,0,0,0,1
2020-01-02 09:25:04,9.56,12.000,11472.000,9.57,9.58,9.6,9.68,9.7,15,7,30,39,200,9.56,9.55,9.54,9.53,9.51,30,94,36,13,4,1
2020-01-02 09:30:03,9.57,61.000,58377.000,9.58,9.6,9.63,9.66,9.67,107,30,30,30,10,9.57,9.56,9.55,9.54,9.53,104,41,146,86,13,1
2020-01-02 09:30:06,9.57,102.000,97614.000,9.58,9.6,9.63,9.66,9.67,112,30,30,35,10,9.57,9.56,9.55,9.54,9.53,13,41,148,104,13,0
2020-01-02 09:30:09,9.57,0.000,0.000,9.58,9.6,9.63,9.66,9.67,112,30,30,35,10,9.57,9.56,9.55,9.54,9.53,13,41,148,104,13,0
2020-01-02 09:30:12,9.57,0.000,0.000,9.58,9.59,9.6,9.63,9.66,118,15,30,30,35,9.57,9.56,9.55,9.54,9.53,23,46,148,104,13,0
2020-01-02 09:30:15,9.57,11.000,10527.000,9.58,9.59,9.6,9.63,9.66,118,15,30,30,35,9.57,9.56,9.55,9.54,9.53,12,46,148,104,13,0
2020-01-02 09:30:17,9.57,0.000,0.000,9.58,9.59,9.6,9.63,9.66,118,15,30,30,35,9.57,9.56,9.55,9.54,9.53,12,46,148,104,13,0
2020-01-02 09:30:18,9.58,1.000,958.000,9.58,9.59,9.6,9.63,9.66,117,15,30,30,35,9.57,9.56,9.55,9.54,9.53,12,46,148,104,13,1
2020-01-02 09:30:21,9.57,1.000,957.000,9.58,9.59,9.6,9.63,9.66,117,15,30,30,35,9.57,9.56,9.55,9.54,9.53,11,46,148,104,13,0
2020-01-02 09:30:27,9.57,0.000,0.000,9.58,9.59,9.6,9.63,9.66,117,15,30,30,35,9.57,9.56,9.55,9.54,9.53,11,55,148,104,13,0
2020-01-02 09:30:39,9.57,11.000,10527.000,9.57,9.58,9.59,9.6,9.63,10,117,15,30,30,9.56,9.55,9.54,9.53,9.52,65,148,104,13,63,0
2020-01-02 09:30:42,9.57,10.000,9570.000,9.58,9.59,9.6,9.63,9.66,116,15,30,30,35,9.56,9.55,9.54,9.53,9.52,65,148,104,13,63,1
2020-01-02 09:30:45,9.57,0.000,0.000,9.57,9.58,9.59,9.6,9.63,59,116,15,30,30,9.56,9.55,9.54,9.53,9.52,65,151,104,13,63,0
2020-01-02 09:30:51,9.56,65.000,62140.000,9.56,9.57,9.58,9.59,9.6,235,59,116,15,30,9.55,9.54,9.53,9.52,9.51,151,104,13,63,68,0
2020-01-02 09:30:54,9.55,41.000,39161.000,9.56,9.57,9.58,9.59,9.6,229,59,116,15,30,9.55,9.54,9.53,9.52,9.51,116,104,13,63,68,0
2020-01-02 09:31:00,9.55,116.000,110780.000,9.55,9.56,9.57,9.58,9.59,278,229,59,116,15,9.54,9.53,9.52,9.51,9.5,104,13,63,68,117,0
2020-01-02 09:31:12,9.52,172.000,163929.000,9.52,9.54,9.56,9.57,9.58,28,25,229,100,16,9.51,9.5,9.48,9.47,9.46,68,117,50,7,11,0
2020-01-02 09:31:21,9.51,51.000,48527.000,9.52,9.54,9.55,9.56,9.57,11,59,100,229,100,9.51,9.5,9.48,9.47,9.46,39,122,50,7,11,0
2020-01-02 09:31:24,9.49,162.000,153938.000,9.49,9.52,9.55,9.56,9.57,116,11,100,229,100,9.48,9.47,9.46,9.45,9.44,50,9,11,5,103,0
2020-01-02 09:31:30,9.45,75.000,71054.000,9.45,9.48,9.49,9.52,9.55,275,9,116,11,100,9.44,9.43,9.42,9.41,9.4,103,25,10,50,2,0
2020-01-02 09:31:33,9.45,5.000,4725.000,9.45,9.48,9.51,9.52,9.55,270,9,50,11,100,9.44,9.43,9.42,9.41,9.4,103,25,10,50,2,1
2020-01-02 09:31:36,9.48,271.000,256098.000,9.48,9.51,9.52,9.55,9.56,8,50,7,100,229,9.45,9.44,9.43,9.42,9.41,47,103,25,10,50,1
2020-01-02 09:31:39,9.44,27.000,25504.000,9.48,9.51,9.52,9.55,9.56,4,50,7,100,229,9.44,9.43,9.42,9.41,9.4,80,25,10,50,12,0
2020-01-02 09:31:45,9.48,120.000,113343.000,9.51,9.52,9.55,9.56,9.57,54,7,100,229,100,9.48,9.46,9.44,9.43,9.42,8,18,45,30,10,1
2020-01-02 09:31:54,9.48,25.000,23668.000,9.5,9.51,9.52,9.55,9.56,1,54,7,100,229,9.48,9.46,9.45,9.44,9.43,11,2,66,48,30,0
2020-01-02 09:31:57,9.48,7.000,6636.000,9.5,9.51,9.52,9.55,9.56,1,54,7,100,229,9.48,9.46,9.45,9.44,9.43,4,2,30,48,30,0
2020-01-02 09:32:03,9.5,1.000,950.000,9.51,9.52,9.55,9.56,9.57,50,7,100,229,100,9.5,9.49,9.48,9.46,9.45,19,36,7,52,78,1
2020-01-02 09:32:06,9.46,101.000,95744.000,9.51,9.52,9.55,9.56,9.57,50,7,100,229,100,9.46,9.45,9.44,9.43,9.42,18,78,58,30,10,0
2020-01-02 09:32:15,9.48,1.000,948.000,9.48,9.5,9.51,9.52,9.55,3,57,50,7,100,9.46,9.45,9.44,9.43,9.42,49,78,58,30,10,1
2020-01-02 09:32:18,9.48,1.000,948.000,9.48,9.5,9.51,9.52,9.55,2,57,50,7,100,9.46,9.45,9.44,9.43,9.42,65,81,58,30,10,1
2020-01-02 09:32:21,9.48,1.000,948.000,9.48,9.5,9.51,9.52,9.55,1,64,50,7,100,9.46,9.45,9.44,9.43,9.42,77,81,58,30,10,1
2020-01-02 09:32:24,9.46,4.000,3786.000,9.5,9.51,9.52,9.55,9.56,64,50,7,100,229,9.46,9.45,9.44,9.43,9.42,84,86,58,30,10,0
2020-01-02 09:32:30,9.46,100.000,94698.000,9.5,9.51,9.52,9.55,9.56,69,50,7,100,229,9.47,9.46,9.45,9.44,9.43,60,46,86,58,30,0
2020-01-02 09:32:48,9.47,80.000,75770.000,9.47,9.5,9.51,9.52,9.54,20,83,50,13,50,9.46,9.45,9.44,9.43,9.42,123,88,58,30,15,1
2020-01-02 09:32:51,9.47,20.000,18940.000,9.5,9.51,9.52,9.54,9.55,83,50,13,50,100,9.47,9.46,9.45,9.44,9.43,6,123,93,58,30,1
2020-01-02 09:32:57,9.46,110.000,104071.000,9.5,9.51,9.52,9.54,9.55,76,50,13,50,100,9.47,9.46,9.45,9.44,9.43,98,150,101,58,30,0
2020-01-02 09:33:00,9.47,17.000,16099.000,9.5,9.51,9.52,9.54,9.55,76,50,13,50,100,9.47,9.46,9.45,9.44,9.43,81,152,101,58,30,1
2020-01-02 09:33:18,9.5,76.000,72200.000,9.51,9.52,9.54,9.55,9.56,66,13,50,100,229,9.5,9.48,9.47,9.46,9.45,23,11,88,157,101,1
2020-01-02 09:33:24,9.51,5.000,4755.000,9.51,9.52,9.54,9.55,9.56,61,13,50,100,229,9.5,9.48,9.47,9.46,9.45,40,6,88,157,124,1
2020-01-02 09:33:27,9.51,13.000,12363.000,9.51,9.52,9.54,9.55,9.56,48,13,50,100,229,9.5,9.48,9.47,9.46,9.45,40,6,88,157,124,1
2020-01-02 09:33:33,9.51,5.000,4755.000,9.51,9.52,9.54,9.55,9.56,43,13,50,100,229,9.5,9.48,9.47,9.46,9.45,140,39,88,157,129,1
2020-01-02 09:33:36,9.5,15.000,14250.000,9.51,9.52,9.54,9.55,9.56,43,13,50,100,229,9.5,9.48,9.47,9.46,9.45,135,39,88,157,129,0
2020-01-02 09:33:39,9.5,100.000,95000.000,9.51,9.52,9.54,9.55,9.56,60,13,50,100,229,9.5,9.48,9.47,9.46,9.45,35,89,88,157,129,0
2020-01-02 09:33:51,9.5,95.000,90250.000,9.5,9.51,9.52,9.54,9.55,157,60,13,50,100,9.48,9.47,9.46,9.45,9.44,87,88,170,109,58,0
2020-01-02 09:33:54,9.5,24.000,22758.000,9.5,9.51,9.52,9.54,9.55,154,60,13,50,100,9.48,9.47,9.46,9.45,9.44,66,91,170,109,58,1
2020-01-02 09:34:09,9.48,4.000,3792.000,9.5,9.51,9.52,9.54,9.55,38,60,63,50,100,9.48,9.47,9.46,9.45,9.44,85,96,170,106,58,0
2020-01-02 09:34:21,9.48,100.000,94800.000,9.5,9.51,9.52,9.54,9.55,38,43,63,50,100,9.48,9.47,9.46,9.45,9.44,29,96,170,106,58,0
2020-01-02 09:34:27,9.57,600.000,572732.000,9.57,9.58,9.59,9.6,9.62,105,59,45,40,50,9.48,9.47,9.46,9.45,9.44,34,96,170,106,58,1
2020-01-02 09:34:36,9.5,9.000,8550.000,9.5,9.57,9.58,9.59,9.6,75,105,59,45,30,9.49,9.48,9.47,9.46,9.45,20,45,126,170,106,0
2020-01-02 09:35:12,9.5,135.000,128340.000,9.5,9.56,9.57,9.58,9.59,44,102,110,59,45,9.49,9.48,9.47,9.46,9.45,121,58,142,166,106,0
2020-01-02 09:35:15,9.5,3.000,2850.000,9.5,9.56,9.57,9.58,9.59,41,102,110,59,45,9.49,9.48,9.47,9.46,9.45,121,80,137,166,106,1
2020-01-02 09:35:18,9.5,3.000,2850.000,9.5,9.56,9.57,9.58,9.59,38,102,110,59,45,9.49,9.48,9.47,9.46,9.45,126,80,137,153,106,1
2020-01-02 09:35:21,9.5,4.000,3800.000,9.5,9.56,9.57,9.58,9.59,34,102,110,59,45,9.49,9.48,9.47,9.46,9.45,126,80,137,153,106,1
2020-01-02 09:35:24,9.5,34.000,32300.000,9.56,9.57,9.58,9.59,9.6,102,105,59,95,40,9.5,9.49,9.48,9.47,9.46,23,126,80,137,153,1
2020-01-02 09:35:30,9.55,40.000,38170.000,9.56,9.57,9.58,9.59,9.6,104,105,59,95,40,9.55,9.5,9.49,9.48,9.47,60,61,126,80,137,1
2020-01-02 09:35:33,9.55,19.000,18145.000,9.56,9.57,9.58,9.59,9.6,104,105,59,95,40,9.55,9.5,9.49,9.48,9.47,41,61,126,80,137,0
2020-01-02 09:35:42,9.55,41.000,39155.000,9.55,9.56,9.57,9.58,9.59,10,104,105,64,95,9.5,9.49,9.48,9.47,9.46,94,124,80,97,153,0
2020-01-02 09:36:06,9.55,7.000,6685.000,9.55,9.56,9.57,9.58,9.59,314,97,105,64,95,9.51,9.5,9.49,9.48,9.47,35,119,124,130,97,1
2020-01-02 09:36:18,9.51,2.000,1902.000,9.55,9.56,9.57,9.58,9.59,316,97,105,64,95,9.51,9.5,9.49,9.48,9.47,42,119,126,130,97,0
2020-01-02 09:36:39,9.53,15.000,14295.000,9.54,9.55,9.56,9.57,9.58,18,316,91,105,64,9.51,9.5,9.49,9.48,9.47,90,141,126,130,97,1
2020-01-02 09:37:09,9.54,38.000,36252.000,9.55,9.56,9.57,9.58,9.59,316,141,105,64,95,9.54,9.53,9.51,9.5,9.49,3,11,54,130,124,1
2020-01-02 09:37:30,9.54,3.000,2862.000,9.54,9.55,9.56,9.57,9.58,2,312,226,105,64,9.53,9.52,9.51,9.5,9.49,40,5,54,126,137,0
2020-01-02 09:37:36,9.55,20.000,19098.000,9.55,9.56,9.57,9.58,9.59,294,226,105,64,95,9.54,9.53,9.52,9.51,9.5,3,30,5,54,126,1
2020-01-02 09:37:42,9.54,10.000,9547.000,9.55,9.56,9.57,9.58,9.59,297,226,105,64,95,9.53,9.52,9.51,9.5,9.49,30,5,54,126,137,0
2020-01-02 09:37:48,9.54,1.000,954.000,9.55,9.56,9.57,9.58,9.59,297,226,105,64,95,9.54,9.53,9.52,9.51,9.5,2,30,5,54,126,0
2020-01-02 09:37:51,9.54,1.000,954.000,9.55,9.56,9.57,9.58,9.59,297,212,105,64,95,9.54,9.53,9.52,9.51,9.5,1,30,5,54,136,0
2020-01-02 09:37:54,9.54,4.000,3819.000,9.54,9.55,9.56,9.57,9.58,40,294,212,105,64,9.53,9.52,9.51,9.5,9.49,30,5,39,136,38,0
2020-01-02 09:38:06,9.54,4.000,3816.000,9.54,9.55,9.56,9.57,9.58,36,292,212,105,64,9.53,9.52,9.51,9.5,9.49,30,5,39,166,38,1
2020-01-02 09:38:30,9.54,5.000,4770.000,9.54,9.55,9.56,9.57,9.58,74,292,212,105,106,9.53,9.52,9.51,9.5,9.49,34,15,39,158,38,1
2020-01-02 09:38:42,9.53,2.000,1906.000,9.54,9.55,9.56,9.57,9.58,84,292,212,105,106,9.53,9.52,9.51,9.5,9.49,90,15,39,158,38,0
2020-01-02 09:39:09,9.54,34.000,32436.000,9.54,9.55,9.56,9.57,9.58,50,292,212,105,106,9.53,9.52,9.51,9.5,9.49,95,27,81,158,38,1
2020-01-02 09:39:27,9.53,1.000,953.000,9.54,9.55,9.56,9.57,9.58,50,292,158,105,106,9.53,9.52,9.51,9.5,9.49,89,17,81,161,38,0
2020-01-02 09:39:45,9.54,57.000,54378.000,9.54,9.55,9.56,9.57,9.58,106,292,158,105,106,9.53,9.52,9.51,9.5,9.49,94,17,81,166,25,1
2020-01-02 09:40:15,9.54,20.000,19080.000,9.54,9.55,9.56,9.57,9.58,115,292,153,105,106,9.53,9.52,9.51,9.5,9.49,189,18,73,166,25,1
2020-01-02 09:40:24,9.53,21.000,20013.000,9.54,9.55,9.56,9.57,9.58,115,292,153,105,106,9.53,9.52,9.51,9.5,9.49,168,18,86,166,25,0
2020-01-02 09:40:27,9.54,10.000,9540.000,9.54,9.55,9.56,9.57,9.58,105,292,153,105,106,9.53,9.52,9.51,9.5,9.49,168,18,86,166,25,1
2020-01-02 09:40:54,9.54,20.000,19080.000,9.54,9.55,9.56,9.57,9.58,47,292,153,110,106,9.53,9.52,9.51,9.5,9.49,193,32,86,166,25,1
2020-01-02 09:41:03,9.53,20.000,18584.000,9.54,9.55,9.56,9.57,9.58,47,292,153,110,106,9.53,9.52,9.51,9.5,9.49,177,32,76,166,25,0
2020-01-02 09:41:27,9.53,41.000,39073.000,9.54,9.55,9.56,9.57,9.58,124,292,151,110,106,9.53,9.52,9.51,9.5,9.49,136,42,76,171,25,0
2020-01-02 09:41:39,9.54,184.000,175373.000,9.54,9.55,9.56,9.57,9.58,113,292,151,110,106,9.53,9.52,9.51,9.5,9.49,25,42,76,171,25,1
2020-01-02 09:41:57,9.53,18.000,17154.000,9.54,9.55,9.56,9.57,9.58,113,292,151,110,106,9.53,9.52,9.51,9.5,9.49,17,42,76,171,25,0
2020-01-02 09:42:03,9.54,8.000,7629.000,9.54,9.55,9.56,9.57,9.58,108,292,151,110,106,9.53,9.52,9.51,9.5,9.49,14,42,76,171,25,1
2020-01-02 09:42:09,9.53,2.000,1906.000,9.54,9.55,9.56,9.57,9.58,108,292,151,110,106,9.53,9.52,9.51,9.5,9.49,12,42,76,171,25,0
2020-01-02 09:42:30,9.53,17.000,16677.000,9.53,9.54,9.55,9.56,9.57,232,108,292,151,110,9.52,9.51,9.5,9.49,9.48,42,80,171,5,190,0
2020-01-02 09:42:51,9.52,30.000,28560.000,9.53,9.54,9.55,9.56,9.57,251,108,292,151,110,9.52,9.51,9.5,9.49,9.48,12,80,167,69,190,0
2020-01-02 09:42:57,9.53,5.000,4765.000,9.53,9.54,9.55,9.56,9.57,249,108,292,151,110,9.52,9.51,9.5,9.49,9.48,16,80,167,69,190,1
2020-01-02 09:43:06,9.53,5.000,4765.000,9.53,9.54,9.55,9.56,9.57,244,158,292,151,110,9.52,9.51,9.5,9.49,9.48,16,80,167,69,190,1
2020-01-02 09:43:09,9.53,22.000,20966.000,9.53,9.54,9.55,9.56,9.57,222,158,292,151,110,9.52,9.51,9.5,9.49,9.48,17,80,167,69,190,1
2020-01-02 09:43:15,9.52,17.000,16184.000,9.52,9.53,9.54,9.55,9.56,36,222,158,292,151,9.51,9.5,9.49,9.48,9.47,80,167,69,190,76,0
2020-01-02 09:43:30,9.51,10.000,9510.000,9.52,9.53,9.54,9.55,9.56,217,221,158,292,151,9.51,9.5,9.49,9.48,9.47,70,167,69,189,76,0
2020-01-02 09:43:39,9.52,79.000,75208.000,9.52,9.53,9.54,9.55,9.56,138,221,158,292,151,9.51,9.5,9.49,9.48,9.47,70,167,69,189,76,1
2020-01-02 09:43:43,9.51,1.000,951.000,9.52,9.53,9.54,9.55,9.56,138,221,188,292,151,9.51,9.5,9.49,9.48,9.47,69,167,69,189,76,0
2020-01-02 09:43:45,9.51,45.000,42795.000,9.52,9.53,9.54,9.55,9.56,150,221,188,292,151,9.51,9.5,9.49,9.48,9.47,24,167,69,189,76,0
2020-01-02 09:43:48,9.52,100.000,95200.000,9.52,9.53,9.54,9.55,9.56,50,221,188,292,151,9.51,9.5,9.49,9.48,9.47,24,167,69,189,76,1
2020-01-02 09:43:57,9.51,24.000,22824.000,9.52,9.53,9.54,9.55,9.56,50,221,188,292,151,9.51,9.5,9.49,9.48,9.47,5,167,69,189,76,0
2020-01-02 09:44:27,9.51,26.000,24741.000,9.51,9.52,9.53,9.54,9.55,44,36,218,188,292,9.5,9.49,9.48,9.47,9.46,228,79,204,76,201,0
2020-01-02 09:44:30,9.51,23.000,21873.000,9.51,9.52,9.53,9.54,9.55,21,36,218,188,292,9.5,9.49,9.48,9.47,9.46,228,79,204,76,201,1
2020-01-02 09:44:36,9.5,1.000,950.000,9.51,9.52,9.53,9.54,9.55,21,36,218,188,292,9.5,9.49,9.48,9.47,9.46,337,79,204,86,201,0
2020-01-02 09:44:45,9.5,9.000,8550.000,9.51,9.52,9.53,9.54,9.55,89,56,218,178,292,9.5,9.49,9.48,9.47,9.46,328,109,204,199,201,0
2020-01-02 09:44:48,9.51,52.000,49452.000,9.51,9.52,9.53,9.54,9.55,37,56,218,178,292,9.5,9.49,9.48,9.47,9.46,328,109,204,199,201,1
2020-01-02 09:45:03,9.5,100.000,95000.000,9.51,9.52,9.53,9.54,9.55,123,56,218,178,292,9.5,9.49,9.48,9.47,9.46,228,109,209,199,201,0
2020-01-02 09:45:21,9.5,2.000,1900.000,9.51,9.52,9.53,9.54,9.55,262,44,218,178,292,9.5,9.49,9.48,9.47,9.46,186,109,209,199,201,0
2020-01-02 09:45:24,9.5,25.000,23750.000,9.51,9.52,9.53,9.54,9.55,262,44,218,178,292,9.5,9.49,9.48,9.47,9.46,161,109,209,199,201,0
2020-01-02 09:45:54,9.5,100.000,95000.000,9.51,9.52,9.53,9.54,9.55,277,24,219,178,292,9.5,9.49,9.48,9.47,9.46,69,109,209,199,201,0
2020-01-02 09:45:57,9.5,22.000,20900.000,9.51,9.52,9.53,9.54,9.55,277,24,219,178,330,9.5,9.49,9.48,9.47,9.46,57,109,209,199,201,0
2020-01-02 09:46:12,9.5,3.000,2850.000,9.51,9.52,9.53,9.54,9.55,277,24,219,178,330,9.5,9.49,9.48,9.47,9.46,64,109,209,199,201,0
2020-01-02 09:46:18,9.5,100.000,95000.000,9.51,9.52,9.53,9.54,9.55,277,24,219,178,330,9.5,9.49,9.48,9.47,9.46,14,109,209,199,241,0
2020-01-02 09:46:21,9.51,3.000,2853.000,9.51,9.52,9.53,9.54,9.55,274,24,219,178,330,9.5,9.49,9.48,9.47,9.46,14,109,209,199,241,1
2020-01-02 09:46:39,9.51,4.000,3804.000,9.51,9.52,9.53,9.54,9.55,284,44,219,178,330,9.5,9.49,9.48,9.47,9.46,115,109,209,199,241,1
2020-01-02 09:46:57,9.51,1.000,951.000,9.51,9.52,9.53,9.54,9.55,283,44,219,101,330,9.5,9.49,9.48,9.47,9.46,114,109,209,199,302,1
2020-01-02 09:47:03,9.51,14.000,13314.000,9.51,9.52,9.53,9.54,9.55,270,44,219,101,330,9.5,9.49,9.48,9.47,9.46,114,109,209,199,302,1
2020-01-02 09:47:15,9.5,56.000,53200.000,9.51,9.52,9.53,9.54,9.55,356,44,219,80,330,9.5,9.49,9.48,9.47,9.46,58,109,209,199,302,0
2020-01-02 09:47:33,9.5,16.000,15200.000,9.5,9.51,9.52,9.53,9.54,13,356,24,19,80,9.49,9.48,9.47,9.46,9.45,111,209,199,302,116,0
2020-01-02 09:47:48,9.49,66.000,62634.000,9.5,9.51,9.52,9.53,9.54,48,151,24,19,80,9.49,9.48,9.47,9.46,9.45,79,209,199,302,116,0
2020-01-02 09:47:54,9.5,2.000,1900.000,9.5,9.51,9.52,9.53,9.54,46,137,24,19,80,9.49,9.48,9.47,9.46,9.45,79,209,199,302,116,1
2020-01-02 09:48:03,9.5,42.000,39892.000,9.5,9.51,9.52,9.53,9.54,231,137,24,19,80,9.49,9.48,9.47,9.46,9.45,71,209,199,302,116,1
2020-01-02 09:48:12,9.49,14.000,13286.000,9.5,9.51,9.52,9.53,9.54,231,137,24,19,80,9.49,9.48,9.47,9.46,9.45,57,211,199,302,116,0
2020-01-02 09:48:27,9.5,10.000,9500.000,9.5,9.51,9.52,9.53,9.54,221,127,24,19,80,9.49,9.48,9.47,9.46,9.45,57,211,199,352,116,1
2020-01-02 09:48:30,9.49,14.000,13286.000,9.5,9.51,9.52,9.53,9.54,221,127,24,19,80,9.49,9.48,9.47,9.46,9.45,43,216,199,352,116,0
2020-01-02 09:48:42,9.49,10.000,9490.000,9.5,9.51,9.52,9.53,9.54,221,132,24,19,80,9.49,9.48,9.47,9.46,9.45,84,218,199,352,68,0
2020-01-02 09:48:48,9.49,84.000,79716.000,9.49,9.5,9.51,9.52,9.53,2,221,132,24,19,9.48,9.47,9.46,9.45,9.44,218,199,373,68,142,0
2020-01-02 09:48:52,9.49,2.000,1898.000,9.49,9.5,9.51,9.52,9.53,137,221,132,24,19,9.48,9.47,9.46,9.45,9.44,228,199,373,68,142,1
2020-01-02 09:49:00,9.48,13.000,12324.000,9.49,9.5,9.51,9.52,9.53,137,221,132,24,19,9.48,9.47,9.46,9.45,9.44,215,199,373,68,142,0
2020-01-02 09:49:06,9.48,5.000,4740.000,9.49,9.5,9.51,9.52,9.53,135,221,132,24,22,9.48,9.47,9.46,9.45,9.44,210,201,421,68,142,0
2020-01-02 09:49:18,9.49,2.000,1898.000,9.49,9.5,9.51,9.52,9.53,133,92,132,24,22,9.48,9.47,9.46,9.45,9.44,210,201,421,68,142,1
2020-01-02 09:49:30,9.48,4.000,3792.000,9.49,9.5,9.51,9.52,9.53,133,92,131,24,22,9.48,9.47,9.46,9.45,9.44,286,201,421,68,142,0
2020-01-02 09:49:33,9.49,5.000,4745.000,9.49,9.5,9.51,9.52,9.53,128,92,131,24,22,9.48,9.47,9.46,9.45,9.44,286,201,421,68,142,1
2020-01-02 09:49:42,9.49,1.000,949.000,9.49,9.5,9.51,9.52,9.53,127,92,131,24,22,9.48,9.47,9.46,9.45,9.44,336,201,421,172,142,1
2020-01-02 09:49:45,9.49,33.000,31303.000,9.49,9.5,9.51,9.52,9.53,108,92,131,24,22,9.48,9.47,9.46,9.45,9.44,322,201,429,172,142,1
2020-01-02 09:49:48,9.49,2.000,1898.000,9.49,9.5,9.51,9.52,9.53,106,92,131,24,22,9.48,9.47,9.46,9.45,9.44,322,201,429,172,142,1
2020-01-02 09:49:51,9.49,3.000,2847.000,9.49,9.5,9.51,9.52,9.53,103,92,131,24,22,9.48,9.47,9.46,9.45,9.44,322,201,439,172,142,1
2020-01-02 09:49:54,9.49,3.000,2847.000,9.49,9.5,9.51,9.52,9.53,105,92,131,24,22,9.48,9.47,9.46,9.45,9.44,339,201,439,172,142,1
2020-01-02 09:49:57,9.49,13.000,12337.000,9.49,9.5,9.51,9.52,9.53,93,92,131,24,22,9.48,9.47,9.46,9.45,9.44,339,227,439,172,142,1
2020-01-02 09:50:03,9.49,41.000,38909.000,9.49,9.5,9.51,9.52,9.53,52,92,131,24,22,9.48,9.47,9.46,9.45,9.44,339,227,439,172,142,1
2020-01-02 09:50:06,9.49,3.000,2847.000,9.49,9.5,9.51,9.52,9.53,49,92,131,24,22,9.48,9.47,9.46,9.45,9.44,366,227,439,172,142,1
2020-01-02 09:50:12,9.54,409.000,389044.000,9.55,9.56,9.57,9.58,9.59,330,161,121,106,95,9.54,9.48,9.47,9.46,9.45,9,367,227,439,172,1
2020-01-02 09:50:15,9.49,592.000,561853.000,9.49,9.55,9.56,9.57,9.58,152,330,161,121,106,9.48,9.47,9.46,9.45,9.44,367,227,439,175,142,0
2020-01-02 09:50:18,9.49,5.000,4745.000,9.49,9.55,9.56,9.57,9.58,147,330,161,121,106,9.48,9.47,9.46,9.45,9.44,367,227,439,175,142,1
2020-01-02 09:50:22,9.49,1.000,949.000,9.49,9.55,9.56,9.57,9.58,146,330,161,121,106,9.48,9.47,9.46,9.45,9.44,367,227,439,175,142,1
2020-01-02 09:50:24,9.49,5.000,4745.000,9.49,9.55,9.56,9.57,9.58,141,330,161,121,106,9.48,9.47,9.46,9.45,9.44,367,227,439,175,142,1
2020-01-02 09:50:30,9.49,3.000,2847.000,9.49,9.54,9.55,9.56,9.57,638,5,330,161,121,9.48,9.47,9.46,9.45,9.44,387,227,439,180,152,1
2020-01-02 09:50:33,9.49,33.000,31285.000,9.49,9.54,9.55,9.56,9.57,1137,5,330,161,121,9.48,9.47,9.46,9.45,9.44,355,227,439,180,152,1
2020-01-02 09:50:36,9.49,1137.000,1079013.000,9.54,9.55,9.56,9.57,9.58,5,330,161,121,106,9.52,9.49,9.48,9.47,9.46,1,572,355,227,439,1
2020-01-02 09:50:48,9.49,23.000,21830.000,9.54,9.55,9.56,9.57,9.58,6,330,161,121,106,9.49,9.48,9.47,9.46,9.45,584,348,227,399,184,0
2020-01-02 09:51:03,9.54,22.000,20988.000,9.54,9.55,9.56,9.57,9.58,3,330,161,121,106,9.5,9.49,9.48,9.47,9.46,4,720,418,227,399,1
2020-01-02 09:52:03,9.53,10.000,9530.000,9.54,9.55,9.56,9.57,9.58,310,330,161,121,106,9.53,9.52,9.51,9.5,9.49,5,6,145,229,736,0
2020-01-02 09:52:06,9.54,67.000,63898.000,9.54,9.55,9.56,9.57,9.58,263,330,161,121,106,9.52,9.51,9.5,9.49,9.48,13,145,229,736,405,1
2020-01-02 09:52:39,9.54,1.000,954.000,9.54,9.55,9.56,9.57,9.58,302,330,161,121,106,9.53,9.52,9.51,9.5,9.49,11,15,160,238,736,1
2020-01-02 09:53:07,9.53,10.000,9530.000,9.54,9.55,9.56,9.57,9.58,302,325,161,121,106,9.53,9.52,9.51,9.5,9.49,21,15,160,293,736,0
2020-01-02 09:53:21,9.53,9.000,8577.000,9.54,9.55,9.56,9.57,9.58,305,332,161,121,106,9.53,9.52,9.51,9.5,9.49,12,15,160,293,736,0
2020-01-02 09:53:24,9.53,5.000,4765.000,9.54,9.55,9.56,9.57,9.58,305,332,161,121,64,9.53,9.52,9.51,9.5,9.49,7,15,160,293,736,0
2020-01-02 09:53:27,9.53,7.000,6671.000,9.53,9.54,9.55,9.56,9.57,5,305,332,161,121,9.52,9.51,9.5,9.49,9.48,15,160,293,736,416,0
2020-01-02 09:53:33,9.53,4.000,3812.000,9.53,9.54,9.55,9.56,9.57,21,305,332,161,121,9.52,9.51,9.5,9.49,9.48,25,160,295,736,416,1
2020-01-02 09:53:36,9.53,34.000,32402.000,9.54,9.55,9.56,9.57,9.58,305,332,161,121,64,9.53,9.52,9.51,9.5,9.49,16,25,160,295,736,1
2020-01-02 09:53:48,9.53,10.000,9530.000,9.54,9.55,9.56,9.57,9.58,305,332,161,121,64,9.53,9.52,9.51,9.5,9.49,6,22,160,295,736,0
2020-01-02 09:53:51,9.53,5.000,4765.000,9.54,9.55,9.56,9.57,9.58,305,332,161,121,64,9.53,9.52,9.51,9.5,9.49,1,22,160,295,736,0
2020-01-02 09:54:00,9.54,3.000,2862.000,9.54,9.55,9.56,9.57,9.58,262,332,161,121,64,9.53,9.52,9.51,9.5,9.49,1,22,162,295,736,1
2020-01-02 09:54:09,9.53,15.000,14295.000,9.54,9.55,9.56,9.57,9.58,262,332,161,121,64,9.53,9.52,9.51,9.5,9.49,37,22,162,295,736,0
2020-01-02 09:54:15,9.53,20.000,19060.000,9.54,9.55,9.56,9.57,9.58,262,332,161,120,64,9.53,9.52,9.51,9.5,9.49,16,22,162,295,736,0
2020-01-02 09:54:36,9.53,10.000,9530.000,9.54,9.55,9.56,9.57,9.58,262,325,161,120,66,9.53,9.52,9.51,9.5,9.49,6,22,162,295,736,0
2020-01-02 09:54:39,9.53,2.000,1906.000,9.54,9.55,9.56,9.57,9.58,262,325,161,120,66,9.53,9.52,9.51,9.5,9.49,4,33,162,295,736,0
2020-01-02 09:54:42,9.53,4.000,3812.000,9.53,9.54,9.55,9.56,9.57,1,262,325,161,120,9.52,9.51,9.5,9.49,9.48,33,162,295,736,416,0
2020-01-02 09:54:55,9.53,8.000,7624.000,9.53,9.54,9.55,9.56,9.57,223,262,325,161,120,9.52,9.51,9.5,9.49,9.48,33,162,295,736,416,1
2020-01-02 09:55:09,9.52,41.000,39032.000,9.53,9.54,9.55,9.56,9.57,223,262,325,161,120,9.52,9.51,9.5,9.49,9.48,43,68,294,736,416,0
2020-01-02 09:55:27,9.52,43.000,40936.000,9.52,9.53,9.54,9.55,9.56,86,223,262,325,161,9.51,9.5,9.49,9.48,9.47,164,294,736,416,235,0
2020-01-02 09:55:36,9.51,2.000,1902.000,9.52,9.53,9.54,9.55,9.56,86,223,262,325,161,9.51,9.5,9.49,9.48,9.47,161,294,736,416,235,0
2020-01-02 09:55:51,9.52,2.000,1904.000,9.52,9.53,9.54,9.55,9.56,114,220,262,325,161,9.51,9.5,9.49,9.48,9.47,186,294,736,416,235,1
2020-01-02 09:55:54,9.51,19.000,18069.000,9.52,9.53,9.54,9.55,9.56,114,220,262,325,161,9.51,9.5,9.49,9.48,9.47,167,294,736,416,235,0
2020-01-02 09:55:58,9.51,3.000,2853.000,9.52,9.53,9.54,9.55,9.56,114,220,262,325,161,9.51,9.5,9.49,9.48,9.47,164,278,736,416,235,0
2020-01-02 09:56:06,9.52,18.000,17136.000,9.52,9.53,9.54,9.55,9.56,96,235,262,325,161,9.51,9.5,9.49,9.48,9.47,164,278,736,416,235,1
2020-01-02 09:56:18,9.52,8.000,7616.000,9.52,9.53,9.54,9.55,9.56,88,235,38,325,161,9.51,9.5,9.49,9.48,9.47,167,283,736,416,235,1
2020-01-02 09:56:24,9.52,5.000,4760.000,9.52,9.53,9.54,9.55,9.56,83,235,38,325,161,9.51,9.5,9.49,9.48,9.47,177,279,736,416,235,1
2020-01-02 09:56:27,9.51,19.000,18069.000,9.52,9.53,9.54,9.55,9.56,83,235,38,325,161,9.51,9.5,9.49,9.48,9.47,158,279,736,416,235,0
2020-01-02 09:56:31,9.52,84.000,79492.000,9.53,9.54,9.55,9.56,9.57,235,45,325,161,120,9.52,9.51,9.5,9.49,9.48,2,158,279,702,416,1
2020-01-02 09:56:42,9.53,58.000,55274.000,9.53,9.54,9.55,9.56,9.57,162,45,325,161,120,9.52,9.51,9.5,9.49,9.48,23,162,294,702,416,1
2020-01-02 09:57:18,9.53,82.000,78146.000,9.53,9.54,9.55,9.56,9.57,80,45,325,161,126,9.52,9.51,9.5,9.49,9.48,32,68,292,692,421,1
2020-01-02 09:57:21,9.52,10.000,9520.000,9.53,9.54,9.55,9.56,9.57,80,45,325,161,126,9.52,9.51,9.5,9.49,9.48,22,68,292,692,421,0
2020-01-02 09:57:24,9.53,20.000,19060.000,9.53,9.54,9.55,9.56,9.57,60,45,325,161,126,9.52,9.51,9.5,9.49,9.48,22,68,292,692,421,1
2020-01-02 09:57:30,9.52,48.000,46172.000,9.52,9.53,9.54,9.55,9.56,176,60,45,355,161,9.51,9.5,9.49,9.48,9.47,93,292,692,421,235,0
2020-01-02 09:57:33,9.52,51.000,48552.000,9.52,9.53,9.54,9.55,9.56,125,60,45,355,161,9.51,9.5,9.49,9.48,9.47,93,292,692,421,235,1
2020-01-02 09:57:36,9.52,36.000,34272.000,9.52,9.53,9.54,9.55,9.56,89,60,45,355,161,9.51,9.5,9.49,9.48,9.47,187,292,692,421,235,1
2020-01-02 09:57:39,9.51,28.000,26640.000,9.52,9.53,9.54,9.55,9.56,77,60,45,355,161,9.51,9.5,9.49,9.48,9.47,181,292,692,421,235,0
2020-01-02 09:57:42,9.52,25.000,23780.000,9.52,9.53,9.54,9.55,9.56,72,80,45,355,161,9.51,9.5,9.49,9.48,9.47,161,292,692,421,235,1
2020-01-02 09:57:57,9.52,63.000,59976.000,9.52,9.53,9.54,9.55,9.56,9,80,48,365,161,9.51,9.5,9.49,9.48,9.47,161,297,692,421,235,1
2020-01-02 09:58:04,9.52,9.000,8568.000,9.53,9.54,9.55,9.56,9.57,80,54,365,161,126,9.52,9.51,9.5,9.49,9.48,27,161,299,692,421,1
2020-01-02 09:58:12,9.51,64.000,60901.000,9.53,9.54,9.55,9.56,9.57,80,54,365,161,126,9.51,9.5,9.49,9.48,9.47,154,299,692,421,235,0
2020-01-02 09:58:27,9.52,12.000,11424.000,9.53,9.54,9.55,9.56,9.57,80,54,365,161,126,9.52,9.51,9.5,9.49,9.48,38,154,299,696,421,1
2020-01-02 09:58:36,9.51,87.000,82775.000,9.53,9.54,9.55,9.56,9.57,80,54,365,161,126,9.52,9.51,9.5,9.49,9.48,50,108,299,696,421,0
2020-01-02 09:58:48,9.52,6.000,5712.000,9.53,9.54,9.55,9.56,9.57,80,54,365,161,126,9.52,9.51,9.5,9.49,9.48,44,113,309,696,421,1
2020-01-02 09:58:54,9.52,16.000,15232.000,9.53,9.54,9.55,9.56,9.57,80,54,365,161,126,9.52,9.51,9.5,9.49,9.48,28,133,307,696,421,0
2020-01-02 09:59:09,9.52,28.000,26656.000,9.52,9.53,9.54,9.55,9.56,72,80,54,265,161,9.51,9.5,9.49,9.48,9.47,133,335,696,421,235,0
2020-01-02 09:59:15,9.52,54.000,51408.000,9.52,9.53,9.54,9.55,9.56,18,80,54,265,161,9.51,9.5,9.49,9.48,9.47,143,335,696,421,235,1
2020-01-02 09:59:36,9.52,2.000,1904.000,9.52,9.53,9.54,9.55,9.56,16,80,54,265,161,9.51,9.5,9.49,9.48,9.47,143,335,708,424,235,1
2020-01-02 09:59:39,9.52,16.000,15232.000,9.53,9.54,9.55,9.56,9.57,80,54,265,161,126,9.52,9.51,9.5,9.49,9.48,1,143,335,708,424,1
2020-01-02 09:59:54,9.53,52.000,49556.000,9.53,9.54,9.55,9.56,9.57,28,54,265,161,126,9.52,9.51,9.5,9.49,9.48,31,143,335,711,424,1
2020-01-02 10:00:06,9.53,28.000,26684.000,9.54,9.55,9.56,9.57,9.58,54,265,161,126,66,9.53,9.52,9.51,9.5,9.49,22,31,143,367,711,1
2020-01-02 10:00:15,9.53,7.000,6671.000,9.54,9.55,9.56,9.57,9.58,54,265,176,126,66,9.53,9.52,9.51,9.5,9.49,15,31,143,367,711,0
2020-01-02 10:00:24,9.54,31.000,29574.000,9.54,9.55,9.56,9.57,9.58,23,268,176,126,63,9.53,9.52,9.51,9.5,9.49,15,31,143,367,711,1
2020-01-02 10:01:03,9.52,46.000,43807.000,9.52,9.54,9.55,9.56,9.57,155,69,265,176,126,9.51,9.5,9.49,9.48,9.47,68,367,695,430,235,0
2020-01-02 10:01:24,9.52,10.000,9520.000,9.52,9.54,9.55,9.56,9.57,151,63,265,176,126,9.51,9.5,9.49,9.48,9.47,68,372,695,430,235,1
2020-01-02 10:01:42,9.52,16.000,15232.000,9.52,9.54,9.55,9.56,9.57,145,63,265,176,126,9.51,9.5,9.49,9.48,9.47,68,377,695,400,235,1
2020-01-02 10:01:45,9.52,5.000,4760.000,9.52,9.54,9.55,9.56,9.57,140,63,265,176,126,9.51,9.5,9.49,9.48,9.47,68,377,695,400,235,1
2020-01-02 10:02:00,9.51,5.000,4755.000,9.52,9.54,9.55,9.56,9.57,140,63,265,176,126,9.51,9.5,9.49,9.48,9.47,79,379,695,400,235,0
2020-01-02 10:02:12,9.51,5.000,4755.000,9.52,9.54,9.55,9.56,9.57,140,63,265,176,126,9.51,9.5,9.49,9.48,9.47,84,377,695,400,235,0
2020-01-02 10:02:18,9.52,2.000,1904.000,9.52,9.54,9.55,9.56,9.57,138,63,265,176,126,9.51,9.5,9.49,9.48,9.47,84,377,695,400,235,1
2020-01-02 10:02:30,9.51,20.000,19020.000,9.52,9.54,9.55,9.56,9.57,197,63,265,176,126,9.51,9.5,9.49,9.48,9.47,94,382,695,400,235,0
2020-01-02 10:02:57,9.51,2.000,1902.000,9.52,9.54,9.55,9.56,9.57,242,67,265,176,126,9.51,9.5,9.49,9.48,9.47,94,401,665,400,235,0
2020-01-02 10:03:00,9.51,50.000,47550.000,9.52,9.54,9.55,9.56,9.57,242,67,265,176,126,9.51,9.5,9.49,9.48,9.47,46,401,665,400,235,0
2020-01-02 10:03:09,9.51,200.000,190200.000,9.51,9.52,9.54,9.55,9.56,200,242,67,265,176,9.5,9.49,9.48,9.47,9.46,401,665,481,235,336,0
2020-01-02 10:03:12,9.51,84.000,79884.000,9.51,9.52,9.54,9.55,9.56,116,242,67,265,176,9.5,9.49,9.48,9.47,9.46,401,665,481,235,336,1
2020-01-02 10:03:18,9.51,64.000,60864.000,9.51,9.52,9.54,9.55,9.56,52,242,67,265,176,9.5,9.49,9.48,9.47,9.46,401,665,481,235,336,1
2020-01-02 10:03:27,9.51,10.000,9510.000,9.51,9.52,9.54,9.55,9.56,42,252,67,265,176,9.5,9.49,9.48,9.47,9.46,411,666,481,235,336,1
2020-01-02 10:03:31,9.51,42.000,39942.000,9.52,9.54,9.55,9.56,9.57,252,67,265,176,126,9.51,9.5,9.49,9.48,9.47,8,411,666,481,235,1
2020-01-02 10:03:36,9.52,5.000,4760.000,9.52,9.54,9.55,9.56,9.57,247,67,265,176,126,9.51,9.5,9.49,9.48,9.47,8,411,666,475,235,1
2020-01-02 10:03:54,9.52,5.000,4760.000,9.52,9.54,9.55,9.56,9.57,242,67,265,176,126,9.51,9.5,9.49,9.48,9.47,10,401,666,475,235,1
2020-01-02 10:04:15,9.52,91.000,86632.000,9.52,9.54,9.55,9.56,9.57,151,92,265,176,126,9.51,9.5,9.49,9.48,9.47,50,403,666,475,235,1
2020-01-02 10:04:25,9.51,2.000,1959.000,9.52,9.54,9.55,9.56,9.57,151,92,265,176,126,9.51,9.5,9.49,9.48,9.47,50,403,666,475,235,0
2020-01-02 10:05:06,9.52,42.000,39984.000,9.52,9.54,9.55,9.56,9.57,109,92,265,180,126,9.51,9.5,9.49,9.48,9.47,95,459,674,475,235,1
2020-01-02 10:05:15,9.52,10.000,9520.000,9.52,9.54,9.55,9.56,9.57,99,92,265,180,126,9.51,9.5,9.49,9.48,9.47,101,474,674,475,235,1
2020-01-02 10:05:27,9.52,5.000,4760.000,9.52,9.54,9.55,9.56,9.57,150,92,265,180,126,9.51,9.5,9.49,9.48,9.47,101,474,674,475,245,1
2020-01-02 10:05:33,9.52,1.000,952.000,9.52,9.54,9.55,9.56,9.57,149,92,265,180,126,9.51,9.5,9.49,9.48,9.47,101,474,674,475,245,1
2020-01-02 10:05:36,9.52,5.000,4760.000,9.52,9.54,9.55,9.56,9.57,144,92,265,180,126,9.51,9.5,9.49,9.48,9.47,101,474,674,475,245,1
2020-01-02 10:05:39,9.51,30.000,28530.000,9.52,9.54,9.55,9.56,9.57,144,92,265,180,126,9.51,9.5,9.49,9.48,9.47,71,474,674,475,245,0
2020-01-02 10:05:42,9.51,64.000,60864.000,9.52,9.54,9.55,9.56,9.57,144,92,265,180,126,9.51,9.5,9.49,9.48,9.47,7,474,674,475,245,0
2020-01-02 10:06:00,9.51,20.000,19020.000,9.52,9.54,9.55,9.56,9.57,144,92,265,180,126,9.51,9.5,9.49,9.48,9.47,25,479,674,475,245,0
2020-01-02 10:06:24,9.51,56.000,53199.000,9.51,9.52,9.54,9.55,9.56,14,144,92,265,180,9.5,9.49,9.48,9.47,9.46,548,674,475,245,349,0
2020-01-02 10:06:27,9.51,14.000,13371.000,9.52,9.54,9.55,9.56,9.57,144,92,265,180,126,9.51,9.5,9.49,9.48,9.47,59,574,674,475,245,1
2020-01-02 10:06:36,9.51,60.000,57003.000,9.51,9.52,9.54,9.55,9.56,21,144,92,265,180,9.5,9.49,9.48,9.47,9.46,580,674,455,245,349,0
2020-01-02 10:06:39,9.5,400.000,380000.000,9.51,9.52,9.54,9.55,9.56,21,144,92,265,180,9.5,9.49,9.48,9.47,9.46,180,674,455,245,349,0
2020-01-02 10:06:51,9.5,1.000,950.000,9.51,9.52,9.54,9.55,9.56,11,144,92,265,180,9.5,9.49,9.48,9.47,9.46,208,687,455,245,349,0
2020-01-02 10:06:57,9.5,10.000,9500.000,9.51,9.52,9.54,9.55,9.56,11,144,92,265,180,9.5,9.49,9.48,9.47,9.46,183,687,455,245,349,0
2020-01-02 10:07:00,9.5,13.000,12350.000,9.51,9.52,9.54,9.55,9.56,11,144,92,265,180,9.5,9.49,9.48,9.47,9.46,180,687,455,245,349,0
2020-01-02 10:07:03,9.51,11.000,10518.000,9.52,9.54,9.55,9.56,9.57,144,92,265,180,126,9.51,9.5,9.49,9.48,9.47,30,180,687,455,245,1
2020-01-02 10:07:15,9.51,50.000,47550.000,9.52,9.54,9.55,9.56,9.57,144,92,265,180,126,9.51,9.5,9.49,9.48,9.47,132,219,687,455,219,0
2020-01-02 10:07:33,9.52,20.000,19040.000,9.52,9.54,9.55,9.56,9.57,264,92,265,180,126,9.51,9.5,9.49,9.48,9.47,140,224,687,450,219,1
2020-01-02 10:07:45,9.52,32.000,30464.000,9.52,9.54,9.55,9.56,9.57,232,92,265,180,126,9.51,9.5,9.49,9.48,9.47,186,224,675,450,219,1
2020-01-02 10:07:51,9.52,65.000,61880.000,9.52,9.54,9.55,9.56,9.57,167,92,265,180,126,9.51,9.5,9.49,9.48,9.47,186,244,675,450,219,1
2020-01-02 10:08:03,9.51,50.000,47550.000,9.52,9.54,9.55,9.56,9.57,167,92,265,180,126,9.51,9.5,9.49,9.48,9.47,214,254,675,450,219,0
2020-01-02 10:08:15,9.52,4.000,3808.000,9.52,9.54,9.55,9.56,9.57,163,92,265,180,126,9.51,9.5,9.49,9.48,9.47,214,267,675,450,219,1
2020-01-02 10:08:18,9.52,63.000,59976.000,9.52,9.54,9.55,9.56,9.57,100,92,265,180,126,9.51,9.5,9.49,9.48,9.47,214,267,675,450,219,1
2020-01-02 10:08:21,9.51,25.000,23775.000,9.52,9.54,9.55,9.56,9.57,100,92,265,180,126,9.51,9.5,9.49,9.48,9.47,189,267,675,450,219,0
2020-01-02 10:08:27,9.51,4.000,3804.000,9.52,9.54,9.55,9.56,9.57,110,92,265,180,126,9.51,9.5,9.49,9.48,9.47,191,267,675,450,219,0
2020-01-02 10:08:30,9.52,7.000,6664.000,9.52,9.54,9.55,9.56,9.57,103,253,265,180,126,9.51,9.5,9.49,9.48,9.47,191,267,675,450,219,1
2020-01-02 10:08:54,9.51,40.000,38040.000,9.52,9.54,9.55,9.56,9.57,162,253,255,180,126,9.51,9.5,9.49,9.48,9.47,157,230,675,550,219,0
2020-01-02 10:08:57,9.52,126.000,119952.000,9.52,9.54,9.55,9.56,9.57,29,253,255,180,126,9.51,9.5,9.49,9.48,9.47,157,230,675,550,219,1
2020-01-02 10:09:06,9.52,5.000,4760.000,9.52,9.54,9.55,9.56,9.57,24,253,255,180,126,9.51,9.5,9.49,9.48,9.47,154,229,675,550,219,1
2020-01-02 10:09:15,9.52,24.000,22848.000,9.54,9.55,9.56,9.57,9.58,253,255,180,126,63,9.52,9.51,9.5,9.49,9.48,17,162,229,675,550,1
2020-01-02 10:10:12,9.53,12.000,11436.000,9.54,9.55,9.56,9.57,9.58,253,225,180,126,83,9.53,9.52,9.51,9.5,9.49,66,118,85,239,675,1
2020-01-02 10:10:15,9.53,8.000,7624.000,9.54,9.55,9.56,9.57,9.58,253,225,180,126,83,9.53,9.52,9.51,9.5,9.49,58,118,138,239,675,0
2020-01-02 10:10:27,9.53,50.000,47650.000,9.54,9.55,9.56,9.57,9.58,273,225,180,126,83,9.53,9.52,9.51,9.5,9.49,27,118,134,244,675,0
2020-01-02 10:10:33,9.54,4.000,3816.000,9.54,9.55,9.56,9.57,9.58,249,225,180,126,83,9.53,9.52,9.51,9.5,9.49,27,118,134,244,675,1
2020-01-02 10:10:36,9.53,12.000,11436.000,9.53,9.54,9.55,9.56,9.57,8,249,225,180,126,9.52,9.51,9.5,9.49,9.48,118,133,244,675,533,0
2020-01-02 10:10:57,9.53,5.000,4765.000,9.53,9.54,9.55,9.56,9.57,33,249,225,180,126,9.52,9.51,9.5,9.49,9.48,175,80,250,675,533,1
2020-01-02 10:11:00,9.53,1.000,953.000,9.53,9.54,9.55,9.56,9.57,32,249,225,180,126,9.52,9.51,9.5,9.49,9.48,175,80,250,675,533,1
2020-01-02 10:11:25,9.53,39.000,37158.000,9.53,9.54,9.55,9.56,9.57,2,249,226,180,126,9.52,9.51,9.5,9.49,9.48,166,136,290,675,533,1
2020-01-02 10:12:15,9.53,5.000,4765.000,9.53,9.54,9.55,9.56,9.57,37,249,236,180,126,9.52,9.51,9.5,9.49,9.48,193,93,490,687,533,1
2020-01-02 10:12:39,9.53,57.000,54321.000,9.54,9.55,9.56,9.57,9.58,260,235,180,126,83,9.53,9.52,9.51,9.5,9.49,23,193,93,523,687,1
2020-01-02 10:12:54,9.53,10.000,9530.000,9.54,9.55,9.56,9.57,9.58,250,235,180,126,83,9.53,9.52,9.51,9.5,9.49,13,193,139,533,687,0
2020-01-02 10:13:31,9.53,10.000,9530.000,9.54,9.55,9.56,9.57,9.58,250,235,180,126,83,9.53,9.52,9.51,9.5,9.49,6,193,139,533,687,0
2020-01-02 10:14:00,9.54,1.000,954.000,9.54,9.55,9.56,9.57,9.58,249,235,170,126,83,9.53,9.52,9.51,9.5,9.49,6,193,139,533,687,1
2020-01-02 10:14:13,9.53,10.000,9530.000,9.54,9.55,9.56,9.57,9.58,248,235,170,126,83,9.53,9.52,9.51,9.5,9.49,6,193,139,533,687,0
2020-01-02 10:14:15,9.54,6.000,5724.000,9.54,9.55,9.56,9.57,9.58,242,197,170,126,83,9.53,9.52,9.51,9.5,9.49,6,193,139,533,687,1
2020-01-02 10:14:18,9.54,6.000,5724.000,9.54,9.55,9.56,9.57,9.58,236,197,170,126,83,9.53,9.52,9.51,9.5,9.49,47,193,139,533,687,1
2020-01-02 10:14:25,9.54,25.000,23850.000,9.54,9.55,9.56,9.57,9.58,50,197,170,126,91,9.53,9.52,9.51,9.5,9.49,47,193,139,533,687,1
2020-01-02 10:14:30,9.53,20.000,19060.000,9.54,9.55,9.56,9.57,9.58,50,197,170,126,91,9.53,9.52,9.51,9.5,9.49,27,193,139,533,687,0
2020-01-02 10:14:36,9.53,11.000,10483.000,9.54,9.55,9.56,9.57,9.58,54,198,170,126,91,9.53,9.52,9.51,9.5,9.49,16,193,139,529,687,0
2020-01-02 10:14:39,9.53,4.000,3814.000,9.54,9.55,9.56,9.57,9.58,52,198,170,126,91,9.53,9.52,9.51,9.5,9.49,14,193,139,529,687,0
2020-01-02 10:15:00,9.53,10.000,9530.000,9.54,9.55,9.56,9.57,9.58,55,198,170,126,252,9.53,9.52,9.51,9.5,9.49,4,193,139,549,680,0
2020-01-02 10:15:06,9.53,14.000,13352.000,9.53,9.54,9.55,9.56,9.57,6,45,198,170,126,9.52,9.51,9.5,9.49,9.48,193,139,549,680,531,0
2020-01-02 10:15:10,9.54,7.000,6672.000,9.54,9.55,9.56,9.57,9.58,44,198,170,126,252,9.53,9.52,9.51,9.5,9.49,8,193,139,549,680,1
2020-01-02 10:15:18,9.54,3.000,2862.000,9.54,9.55,9.56,9.57,9.58,40,198,170,126,252,9.53,9.52,9.51,9.5,9.49,9,193,139,549,680,1
2020-01-02 10:15:36,9.54,15.000,14310.000,9.54,9.55,9.56,9.57,9.58,75,198,170,126,252,9.53,9.52,9.51,9.5,9.49,20,193,139,549,680,1
2020-01-02 10:15:48,9.53,20.000,19060.000,9.53,9.54,9.55,9.56,9.57,70,78,198,170,126,9.52,9.51,9.5,9.49,9.48,194,139,549,680,531,0
2020-01-02 10:16:15,9.53,5.000,4765.000,9.53,9.54,9.55,9.56,9.57,94,90,198,170,126,9.52,9.51,9.5,9.49,9.48,200,139,529,104,536,1
2020-01-02 10:16:30,9.53,6.000,5718.000,9.53,9.54,9.55,9.56,9.57,88,50,198,170,116,9.52,9.51,9.5,9.49,9.48,200,145,529,104,536,1
2020-01-02 10:16:33,9.53,7.000,6671.000,9.53,9.54,9.55,9.56,9.57,81,50,198,170,116,9.52,9.51,9.5,9.49,9.48,200,145,529,104,536,1
2020-01-02 10:16:57,9.53,10.000,9530.000,9.53,9.54,9.55,9.56,9.57,203,63,198,170,116,9.52,9.51,9.5,9.49,9.48,204,145,529,104,536,1
2020-01-02 10:17:15,9.53,2.000,1906.000,9.53,9.54,9.55,9.56,9.57,201,63,198,170,116,9.52,9.51,9.5,9.49,9.48,204,145,529,104,536,1
2020-01-02 10:17:54,9.52,795.000,757513.000,9.53,9.54,9.55,9.56,9.57,5,63,198,170,116,9.52,9.51,9.5,9.49,9.48,84,145,529,104,536,0
2020-01-02 10:17:57,9.53,5.000,4765.000,9.54,9.55,9.56,9.57,9.58,63,198,170,116,312,9.53,9.52,9.51,9.5,9.49,9,80,145,529,104,1
2020-01-02 10:18:03,9.53,131.000,124843.000,9.53,9.54,9.55,9.56,9.57,354,63,198,170,116,9.52,9.51,9.5,9.49,9.48,80,145,529,104,536,0
2020-01-02 10:18:09,9.53,385.000,366894.000,9.54,9.55,9.56,9.57,9.58,63,198,170,116,312,9.53,9.52,9.51,9.5,9.49,246,69,145,529,104,1
2020-01-02 10:18:18,9.53,489.000,466017.000,9.54,9.55,9.56,9.57,9.58,63,198,170,116,312,9.53,9.52,9.51,9.5,9.49,89,69,99,529,104,0
2020-01-02 10:18:30,9.54,556.000,529912.000,9.54,9.55,9.56,9.57,9.58,19,198,170,116,312,9.53,9.52,9.51,9.5,9.49,527,69,99,529,104,1
2020-01-02 10:18:33,9.54,19.000,18126.000,9.55,9.56,9.57,9.58,9.59,198,170,116,306,95,9.54,9.53,9.52,9.51,9.5,25,1011,69,99,529,1
2020-01-02 10:18:36,9.53,495.000,471770.000,9.55,9.56,9.57,9.58,9.59,198,170,116,306,95,9.53,9.52,9.51,9.5,9.49,551,69,99,529,104,0
2020-01-02 10:18:48,9.54,43.000,40983.000,9.54,9.55,9.56,9.57,9.58,16,198,170,116,306,9.53,9.52,9.51,9.5,9.49,591,69,99,529,104,1
2020-01-02 10:18:51,9.54,16.000,15264.000,9.55,9.56,9.57,9.58,9.59,198,170,116,306,95,9.54,9.53,9.52,9.51,9.5,29,631,69,99,529,1
2020-01-02 10:19:12,9.54,41.000,39114.000,9.55,9.56,9.57,9.58,9.59,198,170,116,306,95,9.54,9.53,9.52,9.51,9.5,80,637,69,99,529,0
2020-01-02 10:19:30,9.54,20.000,19080.000,9.55,9.56,9.57,9.58,9.59,198,170,119,301,95,9.54,9.53,9.52,9.51,9.5,60,637,69,99,529,0
2020-01-02 10:19:33,9.54,5.000,4770.000,9.55,9.56,9.57,9.58,9.59,198,170,119,301,95,9.54,9.53,9.52,9.51,9.5,68,637,69,99,529,0
2020-01-02 10:19:51,9.55,20.000,19100.000,9.55,9.56,9.57,9.58,9.59,178,173,119,301,95,9.54,9.53,9.52,9.51,9.5,301,640,69,99,542,1
2020-01-02 10:19:54,9.54,1.000,954.000,9.55,9.56,9.57,9.58,9.59,178,173,119,301,95,9.54,9.53,9.52,9.51,9.5,411,655,69,99,532,0
2020-01-02 10:19:58,9.55,9.000,8595.000,9.55,9.56,9.57,9.58,9.59,169,173,119,301,95,9.54,9.53,9.52,9.51,9.5,411,655,69,99,532,1
2020-01-02 10:20:03,9.55,169.000,161395.000,9.56,9.57,9.58,9.59,9.6,173,119,241,95,30,9.55,9.54,9.53,9.52,9.51,69,450,655,69,99,1
2020-01-02 10:20:12,9.56,160.000,152952.000,9.56,9.57,9.58,9.59,9.6,20,119,241,95,30,9.55,9.54,9.53,9.52,9.51,115,450,602,69,99,1
2020-01-02 10:20:27,9.56,20.000,19120.000,9.57,9.58,9.59,9.6,9.61,119,80,95,30,13,9.56,9.55,9.54,9.53,9.52,11,170,450,573,69,1
2020-01-02 10:20:36,9.57,4.000,3828.000,9.57,9.58,9.59,9.6,9.61,115,80,95,30,13,9.56,9.55,9.54,9.53,9.52,11,109,420,573,69,1
2020-01-02 10:20:46,9.57,142.000,135864.000,9.58,9.59,9.6,9.61,9.62,80,95,30,13,77,9.57,9.56,9.55,9.54,9.53,64,51,56,202,591,1
2020-01-02 10:21:00,9.57,100.000,95700.000,9.58,9.59,9.6,9.61,9.62,80,95,30,13,77,9.57,9.56,9.55,9.54,9.53,29,31,56,103,601,0
2020-01-02 10:21:03,9.57,20.000,19140.000,9.58,9.59,9.6,9.61,9.62,80,95,30,13,77,9.57,9.56,9.55,9.54,9.53,9,31,56,103,601,0
2020-01-02 10:21:06,9.57,9.000,8613.000,9.57,9.58,9.59,9.6,9.61,21,80,95,30,13,9.56,9.55,9.54,9.53,9.52,31,56,98,601,69,0
2020-01-02 10:21:24,9.56,6.000,5736.000,9.57,9.58,9.59,9.6,9.61,53,80,95,60,16,9.56,9.55,9.54,9.53,9.52,25,62,98,601,69,0
2020-01-02 10:21:57,9.56,10.000,9560.000,9.57,9.58,9.59,9.6,9.61,88,100,95,60,16,9.56,9.55,9.54,9.53,9.52,26,62,98,601,69,0
2020-01-02 10:22:09,9.56,10.000,9560.000,9.57,9.58,9.59,9.6,9.61,108,100,95,60,16,9.56,9.55,9.54,9.53,9.52,16,62,98,601,69,0
2020-01-02 10:22:18,9.57,3.000,2869.000,9.57,9.58,9.59,9.6,9.61,107,100,95,60,16,9.56,9.55,9.54,9.53,9.52,34,62,98,601,62,1
2020-01-02 10:22:27,9.56,2.000,1912.000,9.57,9.58,9.59,9.6,9.61,107,100,95,65,16,9.56,9.55,9.54,9.53,9.52,32,98,98,601,62,0
2020-01-02 10:22:34,9.56,18.000,17208.000,9.57,9.58,9.59,9.6,9.61,107,100,95,65,16,9.56,9.55,9.54,9.53,9.52,28,98,98,601,62,0
2020-01-02 10:22:36,9.56,20.000,19120.000,9.57,9.58,9.59,9.6,9.61,107,100,95,84,16,9.56,9.55,9.54,9.53,9.52,8,98,98,601,62,0
2020-01-02 10:22:42,9.57,8.000,7656.000,9.57,9.58,9.59,9.6,9.61,99,100,95,84,16,9.56,9.55,9.54,9.53,9.52,33,98,98,601,62,1
2020-01-02 10:22:54,9.57,20.000,19140.000,9.57,9.58,9.59,9.6,9.61,79,100,95,84,16,9.56,9.55,9.54,9.53,9.52,36,98,98,601,82,1
2020-01-02 10:23:09,9.57,50.000,47850.000,9.57,9.58,9.59,9.6,9.61,201,100,95,84,16,9.56,9.55,9.54,9.53,9.52,104,98,98,601,82,1
2020-01-02 10:23:58,9.56,30.000,28680.000,9.57,9.58,9.59,9.6,9.61,201,100,95,84,16,9.56,9.55,9.54,9.53,9.52,121,62,98,601,82,0
2020-01-02 10:24:03,9.57,1.000,957.000,9.57,9.58,9.59,9.6,9.61,200,100,95,104,16,9.56,9.55,9.54,9.53,9.52,121,62,98,601,82,1
2020-01-02 10:24:09,9.56,124.000,118544.000,9.56,9.57,9.58,9.59,9.6,2,200,100,95,104,9.55,9.54,9.53,9.52,9.51,62,98,601,82,93,0
2020-01-02 10:24:28,9.56,22.000,21032.000,9.57,9.58,9.59,9.6,9.61,200,98,95,104,16,9.56,9.55,9.54,9.53,9.52,18,62,98,601,82,1
2020-01-02 10:24:36,9.56,1.000,956.000,9.57,9.58,9.59,9.6,9.61,200,98,95,104,16,9.56,9.55,9.54,9.53,9.52,17,62,98,601,82,0
2020-01-02 10:24:45,9.56,10.000,9560.000,9.57,9.58,9.59,9.6,9.61,200,98,95,104,16,9.56,9.55,9.54,9.53,9.52,7,62,98,601,82,0
2020-01-02 10:24:48,9.56,7.000,6692.000,9.56,9.57,9.58,9.59,9.6,12,205,98,95,108,9.55,9.54,9.53,9.52,9.51,62,98,601,82,93,0
2020-01-02 10:25:06,9.55,62.000,59210.000,9.55,9.56,9.57,9.58,9.59,38,22,207,98,95,9.54,9.53,9.52,9.51,9.5,98,601,82,93,537,0
2020-01-02 10:25:09,9.55,19.000,18145.000,9.55,9.56,9.57,9.58,9.59,19,22,207,98,95,9.54,9.53,9.52,9.51,9.5,56,583,82,93,537,1
2020-01-02 10:25:18,9.55,19.000,18145.000,9.56,9.57,9.58,9.59,9.6,22,207,98,95,108,9.55,9.54,9.53,9.52,9.51,29,56,583,82,93,1
2020-01-02 10:25:46,9.56,21.000,20076.000,9.56,9.57,9.58,9.59,9.6,21,207,98,95,108,9.55,9.54,9.53,9.52,9.51,126,56,593,82,93,1
2020-01-02 10:25:54,9.56,7.000,6692.000,9.56,9.57,9.58,9.59,9.6,14,46,98,95,108,9.55,9.54,9.53,9.52,9.51,126,56,593,82,93,1
2020-01-02 10:25:58,9.56,14.000,13384.000,9.57,9.58,9.59,9.6,9.61,46,98,95,108,16,9.56,9.55,9.54,9.53,9.52,26,184,56,593,82,1
2020-01-02 10:26:00,9.57,14.000,13398.000,9.57,9.58,9.59,9.6,9.61,32,98,95,108,16,9.56,9.55,9.54,9.53,9.52,26,175,56,593,82,1
2020-01-02 10:26:06,9.57,16.000,15312.000,9.57,9.58,9.59,9.6,9.61,16,98,95,108,16,9.56,9.55,9.54,9.53,9.52,26,194,56,593,82,1
2020-01-02 10:26:09,9.56,15.000,14345.000,9.57,9.58,9.59,9.6,9.61,11,98,95,108,16,9.56,9.55,9.54,9.53,9.52,16,194,56,593,82,0
2020-01-02 10:26:24,9.56,10.000,9560.000,9.57,9.58,9.59,9.6,9.61,11,98,95,108,16,9.56,9.55,9.54,9.53,9.52,64,136,56,583,82,0
2020-01-02 10:26:43,9.57,6.000,5742.000,9.57,9.58,9.59,9.6,9.61,5,98,95,108,16,9.56,9.55,9.54,9.53,9.52,74,136,56,577,82,1
2020-01-02 10:27:00,9.57,10.000,9570.000,9.57,9.58,9.59,9.6,9.61,25,98,95,109,13,9.56,9.55,9.54,9.53,9.52,74,136,56,577,82,1
2020-01-02 10:27:18,9.56,8.000,7648.000,9.57,9.58,9.59,9.6,9.61,30,98,98,309,13,9.56,9.55,9.54,9.53,9.52,66,136,56,577,82,0
2020-01-02 10:27:24,9.56,9.000,8604.000,9.57,9.58,9.59,9.6,9.61,30,98,98,309,13,9.56,9.55,9.54,9.53,9.52,57,136,56,577,82,0
2020-01-02 10:27:57,9.56,20.000,19120.000,9.57,9.58,9.59,9.6,9.61,30,98,98,309,13,9.56,9.55,9.54,9.53,9.52,37,135,56,577,82,0
2020-01-02 10:28:06,9.57,8.000,7656.000,9.57,9.58,9.59,9.6,9.61,42,98,138,309,13,9.56,9.55,9.54,9.53,9.52,37,135,56,577,82,1
2020-01-02 10:28:24,9.57,23.000,22011.000,9.57,9.58,9.59,9.6,9.61,41,98,138,309,13,9.56,9.55,9.54,9.53,9.52,37,135,56,577,82,1
2020-01-02 10:28:30,9.57,29.000,27738.000,9.57,9.58,9.59,9.6,9.61,27,98,138,309,13,9.56,9.55,9.54,9.53,9.52,22,135,56,577,82,1
2020-01-02 10:28:48,9.56,22.000,21032.000,9.56,9.57,9.58,9.59,9.6,22,27,98,138,309,9.55,9.54,9.53,9.52,9.51,149,56,577,82,79,0
2020-01-02 10:28:51,9.56,11.000,10516.000,9.56,9.57,9.58,9.59,9.6,11,27,259,138,309,9.55,9.54,9.53,9.52,9.51,149,56,577,82,79,1
2020-01-02 10:28:54,9.57,36.000,34441.000,9.58,9.59,9.6,9.61,9.62,259,138,309,13,77,9.57,9.55,9.54,9.53,9.52,14,149,56,577,82,1
2020-01-02 10:29:03,9.57,1.000,957.000,9.58,9.59,9.6,9.61,9.62,259,138,309,13,77,9.57,9.56,9.55,9.54,9.53,13,1,140,56,577,0
2020-01-02 10:29:09,9.57,4.000,3828.000,9.58,9.59,9.6,9.61,9.62,98,138,309,13,77,9.57,9.56,9.55,9.54,9.53,9,1,140,56,577,0
2020-01-02 10:29:12,9.57,9.000,8613.000,9.57,9.58,9.59,9.6,9.61,1,98,138,309,13,9.56,9.55,9.54,9.53,9.52,8,140,56,577,82,0
2020-01-02 10:29:45,9.55,148.000,141348.000,9.55,9.57,9.58,9.59,9.6,52,73,98,138,309,9.54,9.53,9.52,9.51,9.5,81,576,82,79,511,0
2020-01-02 10:29:57,9.54,30.000,28620.000,9.55,9.57,9.58,9.59,9.6,52,103,98,138,309,9.54,9.53,9.52,9.51,9.5,51,576,82,79,511,0
2020-01-02 10:30:00,9.55,52.000,49660.000,9.57,9.58,9.59,9.6,9.61,103,98,138,309,13,9.55,9.54,9.53,9.52,9.51,30,75,576,82,79,1
2020-01-02 10:30:06,9.55,27.000,25785.000,9.57,9.58,9.59,9.6,9.61,63,101,138,309,13,9.55,9.54,9.53,9.52,9.51,3,88,588,84,79,0
2020-01-02 10:30:33,9.56,8.000,7648.000,9.56,9.57,9.58,9.59,9.6,52,64,151,138,309,9.55,9.54,9.53,9.52,9.51,19,100,588,84,79,1
2020-01-02 10:30:42,9.56,10.000,9560.000,9.56,9.57,9.58,9.59,9.6,42,64,151,138,309,9.55,9.54,9.53,9.52,9.51,29,111,588,84,79,1
2020-01-02 10:30:48,9.55,31.000,29616.000,9.56,9.57,9.58,9.59,9.6,31,64,151,138,309,9.55,9.54,9.53,9.52,9.51,9,111,576,84,79,0
2020-01-02 10:31:12,9.55,9.000,8595.000,9.55,9.56,9.57,9.58,9.59,1,53,64,154,173,9.54,9.53,9.52,9.51,9.5,203,576,94,79,544,0
2020-01-02 10:31:21,9.55,1.000,955.000,9.56,9.57,9.58,9.59,9.6,53,64,154,173,409,9.55,9.54,9.53,9.52,9.51,13,203,576,94,79,1
2020-01-02 10:32:06,9.56,5.000,4780.000,9.56,9.57,9.58,9.59,9.6,35,64,188,173,489,9.55,9.54,9.53,9.52,9.51,18,120,578,94,99,1
2020-01-02 10:32:24,9.55,4.000,3822.000,9.56,9.57,9.58,9.59,9.6,33,74,188,173,489,9.55,9.54,9.53,9.52,9.51,46,120,578,94,105,0
2020-01-02 10:32:30,9.56,50.000,47800.000,9.56,9.57,9.58,9.59,9.6,35,74,188,173,489,9.55,9.54,9.53,9.52,9.51,146,120,578,94,105,1
2020-01-02 10:32:36,9.55,19.000,18145.000,9.56,9.57,9.58,9.59,9.6,35,74,188,173,489,9.55,9.54,9.53,9.52,9.51,127,120,582,114,105,0
2020-01-02 10:32:39,9.56,35.000,33460.000,9.57,9.58,9.59,9.6,9.61,74,188,173,489,13,9.56,9.55,9.54,9.53,9.52,3,127,120,582,114,1
2020-01-02 10:32:57,9.57,20.000,19140.000,9.57,9.58,9.59,9.6,9.61,64,188,173,489,13,9.56,9.55,9.54,9.53,9.52,53,134,120,582,126,1
2020-01-02 10:33:09,9.56,20.000,19120.000,9.57,9.58,9.59,9.6,9.61,64,188,175,489,13,9.56,9.55,9.54,9.53,9.52,33,134,92,582,126,0
2020-01-02 10:33:18,9.56,1.000,956.000,9.57,9.58,9.59,9.6,9.61,54,138,175,489,13,9.56,9.55,9.54,9.53,9.52,32,134,92,582,126,0
2020-01-02 10:33:33,9.56,20.000,19120.000,9.57,9.58,9.59,9.6,9.61,86,138,175,489,13,9.56,9.55,9.54,9.53,9.52,17,134,92,582,126,0
2020-01-02 10:33:48,9.56,22.000,21032.000,9.57,9.58,9.59,9.6,9.61,86,141,175,489,23,9.56,9.55,9.54,9.53,9.52,45,134,92,582,126,0
2020-01-02 10:34:07,9.56,25.000,23900.000,9.57,9.58,9.59,9.6,9.61,231,141,175,489,23,9.56,9.55,9.54,9.53,9.52,20,140,92,582,126,0
2020-01-02 10:34:28,9.56,20.000,19120.000,9.56,9.57,9.58,9.59,9.6,3,231,141,175,489,9.55,9.54,9.53,9.52,9.51,140,92,582,126,105,0
2020-01-02 10:34:36,9.55,39.000,37245.000,9.56,9.57,9.58,9.59,9.6,3,231,141,175,489,9.55,9.54,9.53,9.52,9.51,101,92,582,126,105,0
2020-01-02 10:34:57,9.56,16.000,15296.000,9.56,9.57,9.58,9.59,9.6,25,220,141,175,489,9.55,9.54,9.53,9.52,9.51,101,154,582,126,105,1
2020-01-02 10:35:24,9.56,6.000,5736.000,9.56,9.57,9.58,9.59,9.6,54,220,171,175,489,9.55,9.54,9.53,9.52,9.51,96,165,582,126,105,1
2020-01-02 10:35:40,9.56,3.000,2868.000,9.56,9.57,9.58,9.59,9.6,51,220,171,175,489,9.55,9.54,9.53,9.52,9.51,96,278,630,126,105,1
2020-01-02 10:35:57,9.55,1.000,955.000,9.56,9.57,9.58,9.59,9.6,51,220,171,175,489,9.55,9.54,9.53,9.52,9.51,95,278,630,126,105,0
2020-01-02 10:36:06,9.55,47.000,44912.000,9.56,9.57,9.58,9.59,9.6,24,220,171,175,489,9.55,9.54,9.53,9.52,9.51,113,302,630,126,105,0
2020-01-02 10:36:09,9.55,5.000,4775.000,9.56,9.57,9.58,9.59,9.6,24,220,171,175,489,9.55,9.54,9.53,9.52,9.51,108,302,630,126,105,0
2020-01-02 10:36:21,9.56,7.000,6692.000,9.56,9.57,9.58,9.59,9.6,38,220,171,175,489,9.55,9.54,9.53,9.52,9.51,109,345,630,126,105,1
2020-01-02 10:36:36,9.56,5.000,4780.000,9.56,9.57,9.58,9.59,9.6,33,220,171,175,489,9.55,9.54,9.53,9.52,9.51,150,361,630,126,63,1
2020-01-02 10:36:39,9.56,35.000,33458.000,9.57,9.58,9.59,9.6,9.61,220,171,175,489,23,9.56,9.55,9.54,9.53,9.52,113,148,361,630,126,1
2020-01-02 10:36:49,9.56,23.000,21988.000,9.57,9.58,9.59,9.6,9.61,219,171,175,489,23,9.56,9.55,9.54,9.53,9.52,117,148,361,630,126,0
2020-01-02 10:37:03,9.56,30.000,28680.000,9.57,9.58,9.59,9.6,9.61,219,171,175,489,23,9.56,9.55,9.54,9.53,9.52,87,148,361,630,126,0
2020-01-02 10:37:30,9.56,52.000,49712.000,9.57,9.58,9.59,9.6,9.61,219,193,175,489,23,9.56,9.55,9.54,9.53,9.52,35,148,340,630,126,0
2020-01-02 10:38:36,9.57,1.000,957.000,9.57,9.58,9.59,9.6,9.61,42,208,175,489,23,9.56,9.55,9.54,9.53,9.52,67,177,335,630,126,1
2020-01-02 10:38:45,9.56,15.000,14340.000,9.57,9.58,9.59,9.6,9.61,42,208,175,489,23,9.56,9.55,9.54,9.53,9.52,73,177,272,630,126,0
2020-01-02 10:38:54,9.57,5.000,4785.000,9.57,9.58,9.59,9.6,9.61,37,208,175,489,23,9.56,9.55,9.54,9.53,9.52,93,177,272,630,126,1
2020-01-02 10:39:03,9.57,5.000,4785.000,9.57,9.58,9.59,9.6,9.61,32,208,175,489,23,9.56,9.55,9.54,9.53,9.52,93,177,256,630,126,1
2020-01-02 10:39:09,9.57,28.000,26796.000,9.57,9.58,9.59,9.6,9.61,27,208,175,489,23,9.56,9.55,9.54,9.53,9.52,93,177,256,630,126,1
2020-01-02 10:39:15,9.57,10.000,9570.000,9.57,9.58,9.59,9.6,9.61,17,208,175,489,23,9.56,9.55,9.54,9.53,9.52,93,177,245,630,126,1
2020-01-02 10:39:24,9.57,1.000,957.000,9.57,9.58,9.59,9.6,9.61,16,208,175,489,23,9.56,9.55,9.54,9.53,9.52,93,177,245,630,126,1
2020-01-02 10:39:27,9.57,1.000,957.000,9.57,9.58,9.59,9.6,9.61,15,208,175,489,23,9.56,9.55,9.54,9.53,9.52,93,177,245,630,126,1
2020-01-02 10:39:45,9.57,3.000,2871.000,9.57,9.58,9.59,9.6,9.61,12,186,175,489,23,9.56,9.55,9.54,9.53,9.52,72,182,245,630,126,1
2020-01-02 10:39:51,9.56,72.000,68832.000,9.56,9.57,9.58,9.59,9.6,68,12,186,175,489,9.55,9.54,9.53,9.52,9.51,182,245,630,126,57,0
2020-01-02 10:40:04,9.56,3.000,2868.000,9.56,9.57,9.58,9.59,9.6,65,12,186,175,489,9.55,9.54,9.53,9.52,9.51,182,245,630,126,57,1
2020-01-02 10:40:24,9.56,14.000,13384.000,9.56,9.57,9.58,9.59,9.6,51,12,186,175,489,9.55,9.54,9.53,9.52,9.51,182,247,630,126,57,1
2020-01-02 10:40:33,9.56,1.000,956.000,9.56,9.57,9.58,9.59,9.6,50,12,186,175,489,9.55,9.54,9.53,9.52,9.51,182,247,630,126,57,1
2020-01-02 10:40:42,9.56,9.000,8604.000,9.56,9.57,9.58,9.59,9.6,41,12,186,175,489,9.55,9.54,9.53,9.52,9.51,195,247,630,126,57,1
2020-01-02 10:40:48,9.56,5.000,4780.000,9.56,9.57,9.58,9.59,9.6,36,13,186,175,489,9.55,9.54,9.53,9.52,9.51,208,247,630,126,57,1
2020-01-02 10:41:00,9.56,18.000,17208.000,9.56,9.57,9.58,9.59,9.6,18,13,186,175,489,9.55,9.54,9.53,9.52,9.51,220,247,630,126,57,1
2020-01-02 10:41:03,9.56,13.000,12428.000,9.56,9.57,9.58,9.59,9.6,5,15,186,175,489,9.55,9.54,9.53,9.52,9.51,220,247,630,126,57,1
2020-01-02 10:41:06,9.56,2.000,1912.000,9.56,9.57,9.58,9.59,9.6,28,15,186,175,489,9.55,9.54,9.53,9.52,9.51,220,247,630,126,57,1
2020-01-02 10:41:09,9.56,1.000,956.000,9.56,9.57,9.58,9.59,9.6,27,15,186,175,489,9.55,9.54,9.53,9.52,9.51,182,247,630,126,57,1
2020-01-02 10:41:21,9.56,27.000,25812.000,9.57,9.58,9.59,9.6,9.61,15,186,175,489,43,9.56,9.55,9.54,9.53,9.52,20,209,247,630,126,1
2020-01-02 10:41:24,9.58,21.000,20103.000,9.58,9.59,9.6,9.61,9.62,180,175,489,43,77,9.56,9.55,9.54,9.53,9.52,20,209,247,630,126,1
2020-01-02 10:41:48,9.58,1.000,958.000,9.58,9.59,9.6,9.61,9.62,181,175,489,43,77,9.56,9.55,9.54,9.53,9.52,38,179,247,630,126,1
2020-01-02 10:41:54,9.58,19.000,18202.000,9.58,9.59,9.6,9.61,9.62,172,175,489,43,77,9.56,9.55,9.54,9.53,9.52,38,179,247,630,126,1
2020-01-02 10:42:03,9.58,10.000,9580.000,9.58,9.59,9.6,9.61,9.62,162,175,489,43,77,9.57,9.56,9.55,9.54,9.53,50,38,179,247,630,1
2020-01-02 10:42:18,9.58,42.000,40236.000,9.58,9.59,9.6,9.61,9.62,130,175,489,43,77,9.57,9.56,9.55,9.54,9.53,60,56,179,227,630,1
2020-01-02 10:42:30,9.58,7.000,6706.000,9.58,9.59,9.6,9.61,9.62,123,175,489,43,80,9.57,9.56,9.55,9.54,9.53,60,56,179,227,591,1
2020-01-02 10:42:42,9.57,1.000,957.000,9.58,9.59,9.6,9.61,9.62,123,175,489,43,85,9.57,9.56,9.55,9.54,9.53,106,77,179,227,591,0
2020-01-02 10:42:57,9.58,1.000,958.000,9.58,9.59,9.6,9.61,9.62,122,175,489,43,85,9.57,9.56,9.55,9.54,9.53,188,77,182,227,591,1
2020-01-02 10:43:09,9.58,16.000,15328.000,9.58,9.59,9.6,9.61,9.62,126,175,489,43,85,9.57,9.56,9.55,9.54,9.53,252,180,182,114,591,1
2020-01-02 10:43:18,9.58,5.000,4790.000,9.58,9.59,9.6,9.61,9.62,121,175,489,43,85,9.57,9.56,9.55,9.54,9.53,303,180,182,114,591,1
2020-01-02 10:43:27,9.57,33.000,31581.000,9.58,9.59,9.6,9.61,9.62,157,175,489,43,85,9.57,9.56,9.55,9.54,9.53,294,180,149,114,591,0
2020-01-02 10:43:39,9.58,5.000,4790.000,9.58,9.59,9.6,9.61,9.62,155,175,489,43,85,9.57,9.56,9.55,9.54,9.53,294,191,149,114,591,1
2020-01-02 10:43:42,9.58,89.000,85262.000,9.58,9.59,9.6,9.61,9.62,74,175,489,43,85,9.57,9.56,9.55,9.54,9.53,294,191,149,114,591,1
2020-01-02 10:44:00,9.57,150.000,143550.000,9.58,9.59,9.6,9.61,9.62,74,173,489,43,85,9.57,9.56,9.55,9.54,9.53,144,192,149,114,591,0
2020-01-02 10:44:09,9.57,56.000,53592.000,9.58,9.59,9.6,9.61,9.62,74,173,492,43,85,9.57,9.56,9.55,9.54,9.53,88,192,149,114,591,0
2020-01-02 10:44:12,9.57,88.000,84216.000,9.57,9.58,9.59,9.6,9.61,37,74,173,492,43,9.56,9.55,9.54,9.53,9.52,197,149,114,591,126,0
2020-01-02 10:44:27,9.58,64.000,61275.000,9.58,9.59,9.6,9.61,9.62,208,173,492,43,85,9.56,9.55,9.54,9.53,9.52,197,149,114,591,126,1
2020-01-02 10:45:12,9.57,17.000,16269.000,9.57,9.58,9.59,9.6,9.61,23,208,180,492,43,9.56,9.55,9.54,9.53,9.52,233,150,114,591,126,0
2020-01-02 10:45:18,9.56,90.000,86040.000,9.57,9.58,9.59,9.6,9.61,23,208,180,492,43,9.56,9.55,9.54,9.53,9.52,143,150,114,591,126,0
2020-01-02 10:45:21,9.57,11.000,10527.000,9.57,9.58,9.59,9.6,9.61,12,208,180,492,43,9.56,9.55,9.54,9.53,9.52,143,150,114,591,126,1
2020-01-02 10:45:48,9.57,21.000,20097.000,9.58,9.59,9.6,9.61,9.62,199,181,492,43,85,9.57,9.56,9.55,9.54,9.53,3,201,167,114,591,1
2020-01-02 10:46:09,9.57,5.000,4785.000,9.58,9.59,9.6,9.61,9.62,199,181,492,43,85,9.57,9.56,9.55,9.54,9.53,48,201,167,227,591,0
2020-01-02 10:46:18,9.57,20.000,19140.000,9.58,9.59,9.6,9.61,9.62,199,181,492,43,85,9.57,9.56,9.55,9.54,9.53,28,237,167,227,591,0
2020-01-02 10:46:34,9.57,8.000,7656.000,9.58,9.59,9.6,9.61,9.62,199,181,492,43,85,9.57,9.56,9.55,9.54,9.53,20,237,167,227,591,0
2020-01-02 10:46:36,9.58,1.000,958.000,9.58,9.59,9.6,9.61,9.62,198,181,492,43,85,9.57,9.56,9.55,9.54,9.53,20,237,167,227,591,1
2020-01-02 10:47:15,9.58,22.000,21076.000,9.58,9.59,9.6,9.61,9.62,45,181,462,43,85,9.57,9.56,9.55,9.54,9.53,20,185,155,227,591,1
2020-01-02 10:48:15,9.57,10.000,9570.000,9.58,9.59,9.6,9.61,9.62,79,191,462,43,85,9.57,9.56,9.55,9.54,9.53,10,130,155,227,594,0
2020-01-02 10:48:27,9.58,10.000,9580.000,9.58,9.59,9.6,9.61,9.62,73,191,462,43,85,9.57,9.56,9.55,9.54,9.53,10,130,155,227,594,1
2020-01-02 10:49:00,9.57,21.000,20097.000,9.58,9.59,9.6,9.61,9.62,82,191,462,43,85,9.57,9.56,9.55,9.54,9.53,25,61,155,227,594,0
2020-01-02 10:49:06,9.58,31.000,29698.000,9.58,9.59,9.6,9.61,9.62,82,191,462,43,85,9.57,9.56,9.55,9.54,9.53,25,61,155,227,594,1
2020-01-02 10:49:09,9.58,3.000,2874.000,9.58,9.59,9.6,9.61,9.62,78,191,462,43,85,9.57,9.56,9.55,9.54,9.53,24,61,155,227,594,1
2020-01-02 10:49:18,9.58,25.000,23950.000,9.58,9.59,9.6,9.61,9.62,23,191,462,43,85,9.57,9.56,9.55,9.54,9.53,24,61,155,227,594,1
2020-01-02 10:49:30,9.58,10.000,9580.000,9.58,9.59,9.6,9.61,9.62,47,191,462,43,85,9.57,9.56,9.55,9.54,9.53,25,61,170,227,594,1
2020-01-02 10:49:57,9.58,10.000,9580.000,9.58,9.59,9.6,9.61,9.62,239,191,470,43,85,9.57,9.56,9.55,9.54,9.53,25,61,170,227,594,1
2020-01-02 10:50:18,9.58,10.000,9580.000,9.58,9.59,9.6,9.61,9.62,229,191,470,43,85,9.57,9.56,9.55,9.54,9.53,35,61,169,227,594,1
2020-01-02 10:50:25,9.57,20.000,19140.000,9.58,9.59,9.6,9.61,9.62,229,188,470,43,85,9.57,9.56,9.55,9.54,9.53,15,61,169,227,594,0
2020-01-02 10:50:33,9.57,3.000,2871.000,9.58,9.59,9.6,9.61,9.62,229,188,470,43,85,9.57,9.56,9.55,9.54,9.53,12,61,169,227,594,0
2020-01-02 10:50:36,9.57,10.000,9570.000,9.58,9.59,9.6,9.61,9.62,229,188,470,43,85,9.57,9.56,9.55,9.54,9.53,53,61,169,227,594,0
2020-01-02 10:50:42,9.58,10.000,9580.000,9.58,9.59,9.6,9.61,9.62,219,188,470,43,85,9.57,9.56,9.55,9.54,9.53,53,61,169,227,594,1
2020-01-02 10:50:48,9.57,36.000,34452.000,9.58,9.59,9.6,9.61,9.62,219,188,470,43,85,9.57,9.56,9.55,9.54,9.53,17,61,169,227,594,0
2020-01-02 10:50:57,9.57,17.000,16269.000,9.57,9.58,9.59,9.6,9.61,213,219,188,487,43,9.56,9.55,9.54,9.53,9.52,61,169,227,594,121,0
2020-01-02 10:51:12,9.56,16.000,15296.000,9.57,9.58,9.59,9.6,9.61,217,264,188,487,43,9.56,9.55,9.54,9.53,9.52,45,169,227,594,121,0
2020-01-02 10:51:39,9.56,8.000,7648.000,9.57,9.58,9.59,9.6,9.61,417,264,188,487,43,9.56,9.55,9.54,9.53,9.52,37,169,222,594,121,0
2020-01-02 10:51:43,9.57,20.000,19140.000,9.57,9.58,9.59,9.6,9.61,397,227,188,487,43,9.56,9.55,9.54,9.53,9.52,37,169,222,594,121,1
2020-01-02 10:51:45,9.56,20.000,19120.000,9.57,9.58,9.59,9.6,9.61,401,227,188,487,43,9.56,9.55,9.54,9.53,9.52,17,169,222,594,121,0
2020-01-02 10:52:15,9.55,209.000,199754.000,9.57,9.58,9.59,9.6,9.61,401,277,188,487,43,9.55,9.54,9.53,9.52,9.51,119,222,594,121,67,0
2020-01-02 10:53:00,9.56,5.000,4780.000,9.56,9.57,9.58,9.59,9.6,206,258,123,188,487,9.55,9.54,9.53,9.52,9.51,122,234,594,121,67,1
2020-01-02 10:53:06,9.55,122.000,116510.000,9.55,9.56,9.57,9.58,9.59,21,206,258,123,188,9.54,9.53,9.52,9.51,9.5,234,594,121,67,582,0
2020-01-02 10:53:15,9.55,67.000,63986.000,9.55,9.56,9.57,9.58,9.59,4,206,258,123,188,9.54,9.53,9.52,9.51,9.5,282,594,121,67,582,1
2020-01-02 10:53:18,9.55,2.000,1908.000,9.55,9.56,9.57,9.58,9.59,2,206,258,123,188,9.54,9.53,9.52,9.51,9.5,282,594,121,67,582,1
2020-01-02 10:53:21,9.55,1.000,956.000,9.55,9.56,9.57,9.58,9.59,1,206,258,123,188,9.54,9.53,9.52,9.51,9.5,270,594,121,67,582,1
2020-01-02 10:53:24,9.55,1.000,956.000,9.56,9.57,9.58,9.59,9.6,206,258,123,188,487,9.55,9.54,9.53,9.52,9.51,29,270,594,121,67,1
2020-01-02 10:53:48,9.56,3.000,2868.000,9.56,9.57,9.58,9.59,9.6,203,258,173,188,487,9.55,9.54,9.53,9.52,9.51,32,259,594,121,67,1
2020-01-02 10:54:00,9.55,10.000,9548.000,9.56,9.57,9.58,9.59,9.6,203,258,173,178,479,9.55,9.54,9.53,9.52,9.51,44,259,594,121,67,0
2020-01-02 10:54:06,9.56,30.000,28680.000,9.56,9.57,9.58,9.59,9.6,173,258,173,178,479,9.55,9.54,9.53,9.52,9.51,44,259,594,121,67,1
2020-01-02 10:54:45,9.56,10.000,9560.000,9.56,9.57,9.58,9.59,9.6,2,258,173,178,479,9.55,9.54,9.53,9.52,9.51,44,279,594,121,67,1
2020-01-02 10:54:48,9.56,2.000,1912.000,9.57,9.58,9.59,9.6,9.61,258,173,178,479,43,9.56,9.55,9.54,9.53,9.52,141,54,279,594,121,1
2020-01-02 10:55:09,9.56,50.000,47800.000,9.57,9.58,9.59,9.6,9.61,258,334,178,479,43,9.56,9.55,9.54,9.53,9.52,100,54,279,590,121,0
2020-01-02 10:56:03,9.56,20.000,19120.000,9.57,9.58,9.59,9.6,9.61,258,418,178,479,43,9.56,9.55,9.54,9.53,9.52,80,54,279,590,121,0
2020-01-02 10:56:33,9.56,30.000,28680.000,9.57,9.58,9.59,9.6,9.61,258,418,178,479,43,9.56,9.55,9.54,9.53,9.52,50,54,279,590,121,0
2020-01-02 10:56:46,9.56,50.000,47800.000,9.56,9.57,9.58,9.59,9.6,10,258,418,178,479,9.55,9.54,9.53,9.52,9.51,54,279,590,121,67,0
2020-01-02 10:57:42,9.55,3.000,2390.000,9.56,9.57,9.58,9.59,9.6,200,268,307,178,479,9.55,9.54,9.53,9.52,9.51,105,279,590,121,67,0
2020-01-02 10:58:03,9.55,105.000,100752.000,9.55,9.56,9.57,9.58,9.59,44,200,268,307,178,9.54,9.53,9.52,9.51,9.5,292,590,121,67,582,0
2020-01-02 10:58:21,9.55,24.000,22920.000,9.55,9.56,9.57,9.58,9.59,20,200,268,307,178,9.54,9.53,9.52,9.51,9.5,292,590,121,67,553,1
2020-01-02 10:58:30,9.55,10.000,9550.000,9.55,9.56,9.57,9.58,9.59,10,200,268,300,178,9.54,9.53,9.52,9.51,9.5,292,590,121,67,553,1
2020-01-02 10:58:33,9.55,5.000,4776.000,9.55,9.56,9.57,9.58,9.59,12,200,268,300,178,9.54,9.53,9.52,9.51,9.5,293,590,121,67,553,1
2020-01-02 10:58:36,9.54,7.000,6684.000,9.55,9.56,9.57,9.58,9.59,6,200,268,300,178,9.54,9.53,9.52,9.51,9.5,292,590,121,67,553,0
2020-01-02 10:58:40,9.55,3.000,2864.000,9.55,9.56,9.57,9.58,9.59,33,200,268,300,178,9.54,9.53,9.52,9.51,9.5,295,590,121,67,553,1
2020-01-02 10:58:42,9.55,16.000,15280.000,9.55,9.56,9.57,9.58,9.59,17,200,268,300,178,9.54,9.53,9.52,9.51,9.5,295,590,121,67,553,1
2020-01-02 10:58:45,9.55,2.000,1910.000,9.55,9.56,9.57,9.58,9.59,15,200,268,300,178,9.54,9.53,9.52,9.51,9.5,295,590,121,67,553,1
2020-01-02 10:59:13,9.54,4.000,3816.000,9.55,9.56,9.57,9.58,9.59,41,200,268,300,178,9.54,9.53,9.52,9.51,9.5,323,590,121,67,553,0
2020-01-02 10:59:31,9.55,57.000,53958.000,9.56,9.57,9.58,9.59,9.6,200,268,300,178,479,9.55,9.54,9.53,9.52,9.51,2,323,655,121,67,1
2020-01-02 10:59:45,9.55,1.000,956.000,9.56,9.57,9.58,9.59,9.6,200,268,300,178,479,9.55,9.54,9.53,9.52,9.51,23,323,697,101,67,0
2020-01-02 11:00:03,9.55,10.000,9548.000,9.56,9.57,9.58,9.59,9.6,200,268,300,178,479,9.55,9.54,9.53,9.52,9.51,13,328,697,101,67,0
2020-01-02 11:00:12,9.55,4.000,3820.000,9.56,9.57,9.58,9.59,9.6,200,268,300,178,479,9.55,9.54,9.53,9.52,9.51,9,328,697,101,67,0
2020-01-02 11:00:15,9.55,6.000,5732.000,9.56,9.57,9.58,9.59,9.6,200,268,300,178,479,9.55,9.54,9.53,9.52,9.51,3,328,697,101,67,0
2020-01-02 11:00:45,9.54,38.000,36256.000,9.56,9.57,9.58,9.59,9.6,200,268,300,178,479,9.54,9.53,9.52,9.51,9.5,296,697,101,103,553,0
2020-01-02 11:00:48,9.56,25.000,23900.000,9.56,9.57,9.58,9.59,9.6,175,268,300,178,479,9.54,9.53,9.52,9.51,9.5,296,697,101,103,553,1
2020-01-02 11:00:51,9.56,13.000,12428.000,9.56,9.57,9.58,9.59,9.6,162,268,300,178,479,9.54,9.53,9.52,9.51,9.5,296,697,101,103,553,1
2020-01-02 11:01:18,9.55,11.000,10504.000,9.55,9.56,9.57,9.58,9.59,15,167,268,300,178,9.54,9.53,9.52,9.51,9.5,296,590,101,103,553,0
2020-01-02 11:01:24,9.55,2.000,1910.000,9.55,9.56,9.57,9.58,9.59,13,167,268,300,178,9.54,9.53,9.52,9.51,9.5,296,590,101,103,553,1
2020-01-02 11:01:36,9.55,13.000,12414.000,9.56,9.57,9.58,9.59,9.6,172,268,300,178,479,9.54,9.53,9.52,9.51,9.5,296,590,101,103,553,1
2020-01-02 11:01:51,9.55,2.000,1912.000,9.55,9.56,9.57,9.58,9.59,29,167,268,300,178,9.54,9.53,9.52,9.51,9.5,301,590,101,103,553,0
2020-01-02 11:02:09,9.55,10.000,9548.000,9.55,9.56,9.57,9.58,9.59,20,172,268,300,178,9.54,9.53,9.52,9.51,9.5,301,590,101,103,553,1
2020-01-02 11:02:30,9.54,1.000,956.000,9.55,9.56,9.57,9.58,9.59,50,172,268,270,178,9.54,9.53,9.52,9.51,9.5,312,590,101,103,553,0
2020-01-02 11:02:33,9.55,20.000,19100.000,9.55,9.56,9.57,9.58,9.59,30,172,268,270,178,9.54,9.53,9.52,9.51,9.5,312,590,101,103,553,1
2020-01-02 11:02:42,9.55,10.000,9548.000,9.55,9.56,9.57,9.58,9.59,20,172,268,270,178,9.54,9.53,9.52,9.51,9.5,312,654,101,103,553,1
2020-01-02 11:02:54,9.55,20.000,19100.000,9.56,9.57,9.58,9.59,9.6,11,268,270,178,479,9.55,9.54,9.53,9.52,9.51,40,310,654,101,103,1
2020-01-02 11:04:13,9.56,10.000,9560.000,9.56,9.57,9.58,9.59,9.6,1,268,290,178,479,9.55,9.54,9.53,9.52,9.51,56,367,654,104,103,1
2020-01-02 11:04:30,9.55,1.000,956.000,9.56,9.57,9.58,9.59,9.6,31,268,291,178,479,9.55,9.54,9.53,9.52,9.51,55,367,587,104,103,0
2020-01-02 11:04:45,9.55,15.000,14324.000,9.56,9.57,9.58,9.59,9.6,55,289,291,178,479,9.55,9.54,9.53,9.52,9.51,40,355,587,104,103,0
2020-01-02 11:04:57,9.55,20.000,19100.000,9.56,9.57,9.58,9.59,9.6,56,289,291,178,479,9.55,9.54,9.53,9.52,9.51,4,344,587,104,103,0
2020-01-02 11:05:06,9.56,42.000,40152.000,9.56,9.57,9.58,9.59,9.6,14,289,291,178,479,9.55,9.54,9.53,9.52,9.51,4,344,587,104,103,1
2020-01-02 11:05:18,9.56,10.000,9560.000,9.56,9.57,9.58,9.59,9.6,84,289,291,178,479,9.55,9.54,9.53,9.52,9.51,5,344,587,104,103,1
2020-01-02 11:05:48,9.56,1.000,956.000,9.56,9.57,9.58,9.59,9.6,82,289,301,178,479,9.55,9.54,9.53,9.52,9.51,17,344,587,104,103,1
2020-01-02 11:06:06,9.55,1.000,956.000,9.56,9.57,9.58,9.59,9.6,108,289,301,178,479,9.55,9.54,9.53,9.52,9.51,16,364,587,104,103,0
2020-01-02 11:06:15,9.55,4.000,3820.000,9.55,9.56,9.57,9.58,9.59,16,118,289,301,178,9.54,9.53,9.52,9.51,9.5,364,587,104,103,553,0
2020-01-02 11:06:21,9.55,10.000,9550.000,9.55,9.56,9.57,9.58,9.59,6,118,289,301,178,9.54,9.53,9.52,9.51,9.5,364,587,104,103,553,1
2020-01-02 11:06:42,9.55,2.000,1910.000,9.55,9.56,9.57,9.58,9.59,42,118,289,301,178,9.54,9.53,9.52,9.51,9.5,364,587,104,103,553,1
2020-01-02 11:07:00,9.55,5.000,4776.000,9.55,9.56,9.57,9.58,9.59,37,118,289,301,188,9.54,9.53,9.52,9.51,9.5,364,587,104,103,542,1
2020-01-02 11:08:57,9.54,54.000,51516.000,9.55,9.56,9.57,9.58,9.59,100,98,289,301,188,9.54,9.53,9.52,9.51,9.5,377,587,105,103,542,0
2020-01-02 11:09:27,9.55,82.000,78312.000,9.56,9.57,9.58,9.59,9.6,98,289,301,188,479,9.55,9.54,9.53,9.52,9.51,94,367,638,105,103,1
2020-01-02 11:09:30,9.55,18.000,17188.000,9.56,9.57,9.58,9.59,9.6,98,289,301,188,479,9.55,9.54,9.53,9.52,9.51,76,367,649,105,103,0
2020-01-02 11:09:54,9.55,10.000,9552.000,9.56,9.57,9.58,9.59,9.6,88,289,301,188,479,9.55,9.54,9.53,9.52,9.51,66,411,649,105,103,0
2020-01-02 11:10:03,9.55,30.000,28648.000,9.56,9.57,9.58,9.59,9.6,88,289,301,188,479,9.55,9.54,9.53,9.52,9.51,38,411,649,105,103,0
2020-01-02 11:10:30,9.56,19.000,18164.000,9.56,9.57,9.58,9.59,9.6,69,289,301,188,479,9.55,9.54,9.53,9.52,9.51,38,411,649,105,103,1
2020-01-02 11:10:43,9.56,43.000,41108.000,9.56,9.57,9.58,9.59,9.6,26,289,302,188,479,9.55,9.54,9.53,9.52,9.51,38,411,625,105,103,1
2020-01-02 11:10:51,9.55,29.000,27722.000,9.57,9.58,9.59,9.6,9.61,289,302,188,479,43,9.55,9.54,9.53,9.52,9.51,35,411,598,105,103,0
2020-01-02 11:11:09,9.56,5.000,4780.000,9.56,9.57,9.58,9.59,9.6,51,289,302,188,479,9.55,9.54,9.53,9.52,9.51,35,411,587,105,103,1
2020-01-02 11:11:48,9.55,1.000,954.000,9.56,9.57,9.58,9.59,9.6,144,294,302,188,479,9.55,9.54,9.53,9.52,9.51,41,443,587,105,103,0
2020-01-02 11:12:12,9.55,2.000,1912.000,9.56,9.57,9.58,9.59,9.6,144,294,302,188,479,9.55,9.54,9.53,9.52,9.51,51,443,587,105,103,0
2020-01-02 11:12:18,9.55,20.000,19100.000,9.56,9.57,9.58,9.59,9.6,219,294,302,188,479,9.55,9.54,9.53,9.52,9.51,31,454,587,105,103,0
2020-01-02 11:14:00,9.55,3.000,2864.000,9.56,9.57,9.58,9.59,9.6,379,294,302,188,479,9.55,9.54,9.53,9.52,9.51,98,453,617,105,103,0
2020-01-02 11:14:10,9.55,20.000,19100.000,9.56,9.57,9.58,9.59,9.6,379,294,302,188,479,9.55,9.54,9.53,9.52,9.51,90,453,617,105,103,0
2020-01-02 11:14:45,9.55,18.000,17190.000,9.56,9.57,9.58,9.59,9.6,379,294,302,188,479,9.55,9.54,9.53,9.52,9.51,72,453,617,105,103,0
2020-01-02 11:14:51,9.55,40.000,38200.000,9.56,9.57,9.58,9.59,9.6,379,294,302,188,479,9.55,9.54,9.53,9.52,9.51,46,453,617,105,103,0
2020-01-02 11:15:34,9.55,30.000,28650.000,9.56,9.57,9.58,9.59,9.6,379,294,302,188,479,9.55,9.54,9.53,9.52,9.51,150,453,617,105,103,0
2020-01-02 11:16:06,9.55,20.000,19100.000,9.56,9.57,9.58,9.59,9.6,379,294,292,188,479,9.55,9.54,9.53,9.52,9.51,100,453,617,50,103,0
2020-01-02 11:16:15,9.55,20.000,19100.000,9.56,9.57,9.58,9.59,9.6,379,294,292,188,479,9.55,9.54,9.53,9.52,9.51,80,453,587,50,103,0
2020-01-02 11:16:31,9.55,33.000,31516.000,9.56,9.57,9.58,9.59,9.6,379,294,272,188,479,9.55,9.54,9.53,9.52,9.51,47,413,587,50,103,0
2020-01-02 11:16:45,9.56,8.000,7648.000,9.56,9.57,9.58,9.59,9.6,371,294,272,188,479,9.55,9.54,9.53,9.52,9.51,62,425,587,50,103,1
2020-01-02 11:17:06,9.55,20.000,19100.000,9.56,9.57,9.58,9.59,9.6,371,294,272,188,479,9.55,9.54,9.53,9.52,9.51,49,438,587,50,103,0
2020-01-02 11:17:33,9.56,1.000,956.000,9.56,9.57,9.58,9.59,9.6,370,294,272,188,479,9.55,9.54,9.53,9.52,9.51,99,492,587,50,103,1
2020-01-02 11:17:36,9.55,1.000,954.000,9.56,9.57,9.58,9.59,9.6,370,294,272,188,479,9.55,9.54,9.53,9.52,9.51,98,492,587,50,103,0
2020-01-02 11:17:39,9.55,10.000,9550.000,9.56,9.57,9.58,9.59,9.6,370,294,272,188,479,9.55,9.54,9.53,9.52,9.51,88,492,587,50,103,0
2020-01-02 11:17:54,9.56,2.000,1912.000,9.56,9.57,9.58,9.59,9.6,368,294,272,188,479,9.55,9.54,9.53,9.52,9.51,102,493,587,50,103,1
2020-01-02 11:18:06,9.56,24.000,22944.000,9.56,9.57,9.58,9.59,9.6,344,294,272,188,479,9.55,9.54,9.53,9.52,9.51,132,493,587,50,103,1
2020-01-02 11:18:30,9.56,50.000,47800.000,9.56,9.57,9.58,9.59,9.6,294,294,272,188,479,9.55,9.54,9.53,9.52,9.51,132,493,587,50,103,1
2020-01-02 11:18:54,9.55,132.000,126060.000,9.55,9.56,9.57,9.58,9.59,8,294,294,272,188,9.54,9.53,9.52,9.51,9.5,492,587,47,103,503,0
2020-01-02 11:19:36,9.55,21.000,20056.000,9.55,9.56,9.57,9.58,9.59,37,294,294,272,188,9.54,9.53,9.52,9.51,9.5,534,587,47,103,503,1
2020-01-02 11:19:42,9.55,14.000,13368.000,9.55,9.56,9.57,9.58,9.59,23,294,294,272,188,9.54,9.53,9.52,9.51,9.5,564,587,47,103,503,1
2020-01-02 11:19:57,9.55,10.000,9552.000,9.55,9.56,9.57,9.58,9.59,33,294,294,272,188,9.54,9.53,9.52,9.51,9.5,564,587,47,103,508,1
2020-01-02 11:20:18,9.55,13.000,12414.000,9.55,9.56,9.57,9.58,9.59,42,294,294,272,188,9.54,9.53,9.52,9.51,9.5,564,587,47,103,508,1
2020-01-02 11:20:36,9.55,42.000,40110.000,9.56,9.57,9.58,9.59,9.6,294,294,272,188,479,9.55,9.54,9.53,9.52,9.51,240,575,587,47,103,1
2020-01-02 11:21:00,9.55,76.000,72580.000,9.56,9.57,9.58,9.59,9.6,294,294,272,188,479,9.55,9.54,9.53,9.52,9.51,176,564,587,47,103,0
2020-01-02 11:21:18,9.55,40.000,38200.000,9.56,9.57,9.58,9.59,9.6,294,294,272,188,479,9.55,9.54,9.53,9.52,9.51,136,564,587,47,103,0
2020-01-02 11:21:36,9.55,10.000,9550.000,9.56,9.57,9.58,9.59,9.6,294,294,272,188,479,9.55,9.54,9.53,9.52,9.51,117,564,587,47,103,0
2020-01-02 11:22:00,9.55,30.000,28650.000,9.56,9.57,9.58,9.59,9.6,294,294,272,188,479,9.55,9.54,9.53,9.52,9.51,87,564,587,47,118,0
2020-01-02 11:22:18,9.56,2.000,1912.000,9.56,9.57,9.58,9.59,9.6,292,294,272,188,479,9.55,9.54,9.53,9.52,9.51,87,564,587,47,118,1
2020-01-02 11:22:24,9.56,19.000,18164.000,9.56,9.57,9.58,9.59,9.6,273,294,272,188,479,9.55,9.54,9.53,9.52,9.51,88,564,587,47,118,1
2020-01-02 11:22:36,9.56,45.000,43020.000,9.56,9.57,9.58,9.59,9.6,228,294,272,188,479,9.55,9.54,9.53,9.52,9.51,88,503,587,47,118,1
2020-01-02 11:22:45,9.56,96.000,91776.000,9.56,9.57,9.58,9.59,9.6,132,294,272,188,479,9.55,9.54,9.53,9.52,9.51,88,503,587,47,118,1
2020-01-02 11:23:00,9.55,8.000,7640.000,9.56,9.57,9.58,9.59,9.6,132,294,272,188,479,9.55,9.54,9.53,9.52,9.51,80,435,587,47,118,0
2020-01-02 11:23:33,9.56,132.000,126192.000,9.57,9.58,9.59,9.6,9.61,294,272,188,479,43,9.56,9.55,9.54,9.53,9.52,265,80,448,587,47,1
2020-01-02 11:23:45,9.57,1.000,956.000,9.57,9.58,9.59,9.6,9.61,293,272,188,479,43,9.56,9.55,9.54,9.53,9.52,265,80,420,587,47,1
2020-01-02 11:23:57,9.57,5.000,4786.000,9.57,9.58,9.59,9.6,9.61,288,272,188,479,43,9.56,9.55,9.54,9.53,9.52,265,80,396,587,47,1
2020-01-02 11:24:06,9.56,120.000,114720.000,9.57,9.58,9.59,9.6,9.61,293,252,188,479,43,9.56,9.55,9.54,9.53,9.52,145,142,396,587,47,0
2020-01-02 11:24:18,9.57,69.000,65984.000,9.57,9.58,9.59,9.6,9.61,273,252,188,479,43,9.56,9.55,9.54,9.53,9.52,96,142,396,587,47,1
2020-01-02 11:24:36,9.56,40.000,38240.000,9.57,9.58,9.59,9.6,9.61,278,252,188,479,43,9.56,9.55,9.54,9.53,9.52,108,152,395,587,47,0
2020-01-02 11:24:39,9.57,50.000,47850.000,9.57,9.58,9.59,9.6,9.61,228,252,188,479,43,9.56,9.55,9.54,9.53,9.52,108,152,395,587,47,1
2020-01-02 11:24:48,9.56,32.000,30592.000,9.57,9.58,9.59,9.6,9.61,228,252,188,479,43,9.56,9.55,9.54,9.53,9.52,76,142,395,587,47,0
2020-01-02 11:25:06,9.56,30.000,28680.000,9.57,9.58,9.59,9.6,9.61,228,252,188,479,43,9.56,9.55,9.54,9.53,9.52,20,142,405,587,47,0
2020-01-02 11:25:18,9.56,25.000,23900.000,9.56,9.57,9.58,9.59,9.6,15,228,252,188,479,9.55,9.54,9.53,9.52,9.51,156,405,587,47,103,0
2020-01-02 11:25:21,9.56,1.000,956.000,9.56,9.57,9.58,9.59,9.6,14,228,252,188,479,9.55,9.54,9.53,9.52,9.51,156,405,587,47,93,1
2020-01-02 11:25:48,9.56,30.000,28680.000,9.56,9.57,9.58,9.59,9.6,8,228,252,188,479,9.55,9.54,9.53,9.52,9.51,144,405,587,47,93,1
2020-01-02 11:25:57,9.56,8.000,7648.000,9.57,9.58,9.59,9.6,9.61,228,252,188,479,43,9.56,9.55,9.54,9.53,9.52,1,144,405,587,47,1
2020-01-02 11:26:00,9.55,8.000,7640.000,9.57,9.58,9.59,9.6,9.61,228,252,188,479,43,9.55,9.54,9.53,9.52,9.51,137,405,587,47,93,0
2020-01-02 11:26:45,9.56,54.000,51624.000,9.56,9.57,9.58,9.59,9.6,10,228,252,188,479,9.55,9.54,9.53,9.52,9.51,137,428,587,48,93,1
2020-01-02 11:27:00,9.56,1.000,956.000,9.56,9.57,9.58,9.59,9.6,109,228,252,188,479,9.55,9.54,9.53,9.52,9.51,137,416,587,51,93,1
2020-01-02 11:27:09,9.55,22.000,21012.000,9.56,9.57,9.58,9.59,9.6,109,228,252,188,479,9.55,9.54,9.53,9.52,9.51,115,416,587,51,93,0
2020-01-02 11:27:24,9.55,10.000,9548.000,9.56,9.57,9.58,9.59,9.6,109,228,252,188,479,9.55,9.54,9.53,9.52,9.51,131,403,590,51,93,0
2020-01-02 11:27:39,9.54,200.000,190932.000,9.56,9.57,9.58,9.59,9.6,109,223,252,188,479,9.54,9.53,9.52,9.51,9.5,335,590,51,93,512,0
2020-01-02 11:27:51,9.54,200.000,190800.000,9.55,9.56,9.57,9.58,9.59,25,114,223,252,188,9.54,9.53,9.52,9.51,9.5,135,590,51,93,512,0
2020-01-02 11:28:00,9.54,137.000,131176.000,9.54,9.55,9.56,9.57,9.58,62,20,114,223,252,9.53,9.52,9.51,9.5,9.49,590,51,93,512,94,0
2020-01-02 11:28:09,9.54,1.000,954.000,9.54,9.55,9.56,9.57,9.58,61,35,114,223,252,9.53,9.52,9.51,9.5,9.49,590,31,93,512,94,1
2020-01-02 11:28:15,9.53,5.000,4766.000,9.54,9.55,9.56,9.57,9.58,61,35,114,223,252,9.53,9.52,9.51,9.5,9.49,585,43,93,512,94,0
2020-01-02 11:28:27,9.53,10.000,9528.000,9.54,9.55,9.56,9.57,9.58,61,35,114,223,252,9.53,9.52,9.51,9.5,9.49,575,103,93,512,94,0
2020-01-02 11:28:48,9.54,50.000,47700.000,9.54,9.55,9.56,9.57,9.58,11,35,108,223,252,9.53,9.52,9.51,9.5,9.49,586,138,93,512,94,1
2020-01-02 11:28:51,9.54,1.000,956.000,9.54,9.55,9.56,9.57,9.58,10,35,108,223,252,9.53,9.52,9.51,9.5,9.49,586,139,93,512,94,1
2020-01-02 11:28:54,9.54,7.000,6676.000,9.54,9.55,9.56,9.57,9.58,3,35,108,223,252,9.53,9.52,9.51,9.5,9.49,599,139,93,512,94,1
2020-01-02 11:28:58,9.54,4.000,3340.000,9.55,9.56,9.57,9.58,9.59,35,108,223,252,190,9.54,9.53,9.52,9.51,9.5,5,599,139,93,512,1
2020-01-02 11:29:00,9.54,30.000,28620.000,9.55,9.56,9.57,9.58,9.59,35,108,223,252,190,9.54,9.53,9.52,9.51,9.5,96,604,139,93,512,0
2020-01-02 11:29:03,9.54,1.000,954.000,9.55,9.56,9.57,9.58,9.59,35,108,223,252,190,9.54,9.53,9.52,9.51,9.5,95,604,139,93,512,0
2020-01-02 11:29:12,9.54,21.000,20034.000,9.55,9.56,9.57,9.58,9.59,35,108,223,252,190,9.54,9.53,9.52,9.51,9.5,74,604,139,93,512,0
2020-01-02 13:00:03,9.55,35.000,33406.000,9.55,9.56,9.57,9.58,9.59,39,103,218,315,190,9.54,9.53,9.52,9.51,9.5,97,591,134,113,498,1
2020-01-02 13:00:06,9.54,46.000,43894.000,9.55,9.56,9.57,9.58,9.59,49,103,218,315,190,9.54,9.53,9.52,9.51,9.5,61,661,134,121,499,0
2020-01-02 13:00:09,9.55,49.000,46796.000,9.56,9.57,9.58,9.59,9.6,103,218,326,190,514,9.55,9.54,9.53,9.52,9.51,3,64,661,124,121,1
2020-01-02 13:01:00,9.56,6.000,5736.000,9.56,9.57,9.58,9.59,9.6,97,218,326,190,514,9.55,9.54,9.53,9.52,9.51,3,61,664,36,121,1
2020-01-02 13:01:30,9.56,13.000,12428.000,9.56,9.57,9.58,9.59,9.6,89,258,326,190,514,9.55,9.54,9.53,9.52,9.51,8,145,664,33,121,1
2020-01-02 13:01:45,9.55,8.000,7640.000,9.55,9.56,9.57,9.58,9.59,12,89,258,326,190,9.54,9.53,9.52,9.51,9.5,145,664,33,121,472,0
2020-01-02 13:01:48,9.55,3.000,2864.000,9.55,9.56,9.57,9.58,9.59,9,89,258,326,190,9.54,9.53,9.52,9.51,9.5,145,664,33,121,472,1
2020-01-02 13:01:51,9.55,3.000,2864.000,9.55,9.56,9.57,9.58,9.59,6,89,258,326,190,9.54,9.53,9.52,9.51,9.5,145,664,33,121,472,1
2020-01-02 13:01:54,9.55,2.000,1912.000,9.55,9.56,9.57,9.58,9.59,4,89,258,326,190,9.54,9.53,9.52,9.51,9.5,145,664,33,121,472,1
2020-01-02 13:01:57,9.54,102.000,97308.000,9.55,9.56,9.57,9.58,9.59,2,89,258,326,190,9.54,9.53,9.52,9.51,9.5,45,664,47,121,472,0
2020-01-02 13:02:00,9.55,2.000,1912.000,9.56,9.57,9.58,9.59,9.6,89,258,326,190,514,9.54,9.53,9.52,9.51,9.5,45,664,47,121,472,1
2020-01-02 13:03:06,9.55,20.000,19100.000,9.55,9.56,9.57,9.58,9.59,35,93,258,296,190,9.54,9.53,9.52,9.51,9.5,140,631,33,121,477,1
2020-01-02 13:03:09,9.55,4.000,3820.000,9.55,9.56,9.57,9.58,9.59,31,93,258,296,190,9.54,9.53,9.52,9.51,9.5,154,631,33,121,477,1
2020-01-02 13:03:12,9.55,7.000,6684.000,9.55,9.56,9.57,9.58,9.59,24,93,258,296,190,9.54,9.53,9.52,9.51,9.5,154,631,33,121,477,1
2020-01-02 13:03:15,9.55,42.000,40074.000,9.55,9.56,9.57,9.58,9.59,18,93,258,296,190,9.54,9.53,9.52,9.51,9.5,118,631,33,121,477,1
2020-01-02 13:03:19,9.55,2.000,1910.000,9.55,9.56,9.57,9.58,9.59,16,93,258,296,190,9.54,9.53,9.52,9.51,9.5,118,631,33,151,477,1
2020-01-02 13:03:21,9.55,2.000,1910.000,9.55,9.56,9.57,9.58,9.59,34,93,258,296,190,9.54,9.53,9.52,9.51,9.5,118,631,33,151,477,1
2020-01-02 13:03:24,9.55,2.000,1910.000,9.55,9.56,9.57,9.58,9.59,32,93,258,296,190,9.54,9.53,9.52,9.51,9.5,122,631,33,151,477,1
2020-01-02 13:03:27,9.55,4.000,3820.000,9.55,9.56,9.57,9.58,9.59,28,93,258,296,190,9.54,9.53,9.52,9.51,9.5,122,631,33,151,477,1
2020-01-02 13:03:30,9.55,3.000,2864.000,9.55,9.56,9.57,9.58,9.59,25,93,258,296,190,9.54,9.53,9.52,9.51,9.5,122,618,33,151,477,1
2020-01-02 13:03:33,9.55,3.000,2866.000,9.55,9.56,9.57,9.58,9.59,22,93,258,296,190,9.54,9.53,9.52,9.51,9.5,122,657,33,151,477,1
2020-01-02 13:03:36,9.55,2.000,1910.000,9.55,9.56,9.57,9.58,9.59,20,93,258,296,190,9.54,9.53,9.52,9.51,9.5,122,633,33,151,477,1
2020-01-02 13:03:39,9.55,2.000,1910.000,9.55,9.56,9.57,9.58,9.59,28,93,258,296,190,9.54,9.53,9.52,9.51,9.5,122,633,33,151,477,1
2020-01-02 13:03:42,9.55,3.000,2866.000,9.55,9.56,9.57,9.58,9.59,25,93,258,296,190,9.54,9.53,9.52,9.51,9.5,127,633,33,151,477,1
2020-01-02 13:03:45,9.55,3.000,2864.000,9.55,9.56,9.57,9.58,9.59,22,93,258,296,190,9.54,9.53,9.52,9.51,9.5,127,633,33,151,477,1
2020-01-02 13:03:48,9.55,2.000,1910.000,9.55,9.56,9.57,9.58,9.59,20,93,258,296,190,9.54,9.53,9.52,9.51,9.5,127,633,33,151,477,1
2020-01-02 13:03:52,9.55,2.000,1910.000,9.55,9.56,9.57,9.58,9.59,18,93,258,296,190,9.54,9.53,9.52,9.51,9.5,127,633,33,151,477,1
2020-01-02 13:03:54,9.55,2.000,1910.000,9.55,9.56,9.57,9.58,9.59,16,93,258,296,190,9.54,9.53,9.52,9.51,9.5,127,633,33,151,477,1
2020-01-02 13:03:57,9.55,2.000,1910.000,9.55,9.56,9.57,9.58,9.59,26,93,258,296,190,9.54,9.53,9.52,9.51,9.5,125,633,33,151,477,1
2020-01-02 13:04:01,9.55,3.000,2864.000,9.55,9.56,9.57,9.58,9.59,23,93,258,296,190,9.54,9.53,9.52,9.51,9.5,125,633,33,151,477,1
2020-01-02 13:04:03,9.55,4.000,3820.000,9.55,9.56,9.57,9.58,9.59,19,93,258,296,190,9.54,9.53,9.52,9.51,9.5,125,633,33,151,477,1
2020-01-02 13:04:06,9.55,2.000,1912.000,9.55,9.56,9.57,9.58,9.59,17,93,258,296,190,9.54,9.53,9.52,9.51,9.5,125,633,33,151,477,1
2020-01-02 13:04:09,9.54,36.000,34344.000,9.55,9.56,9.57,9.58,9.59,15,93,258,296,190,9.54,9.53,9.52,9.51,9.5,91,633,33,151,477,0
2020-01-02 13:04:12,9.55,2.000,1912.000,9.55,9.56,9.57,9.58,9.59,13,93,258,296,190,9.54,9.53,9.52,9.51,9.5,91,633,33,151,477,1
2020-01-02 13:04:15,9.55,2.000,1908.000,9.55,9.56,9.57,9.58,9.59,11,93,258,296,190,9.54,9.53,9.52,9.51,9.5,91,633,33,151,477,1
2020-01-02 13:04:18,9.55,2.000,1912.000,9.55,9.56,9.57,9.58,9.59,19,93,258,296,190,9.54,9.53,9.52,9.51,9.5,91,633,33,151,477,1
2020-01-02 13:04:21,9.55,2.000,1908.000,9.55,9.56,9.57,9.58,9.59,17,93,258,296,190,9.54,9.53,9.52,9.51,9.5,91,633,33,151,477,1
2020-01-02 13:04:24,9.55,2.000,1912.000,9.55,9.56,9.57,9.58,9.59,15,93,258,296,190,9.54,9.53,9.52,9.51,9.5,91,633,33,151,477,1
2020-01-02 13:04:27,9.55,2.000,1908.000,9.55,9.56,9.57,9.58,9.59,13,93,258,296,190,9.54,9.53,9.52,9.51,9.5,91,633,33,151,477,1
2020-01-02 13:04:30,9.55,6.000,5732.000,9.55,9.56,9.57,9.58,9.59,17,93,258,296,190,9.54,9.53,9.52,9.51,9.5,91,633,33,151,477,1
2020-01-02 13:04:33,9.55,17.000,16234.000,9.56,9.57,9.58,9.59,9.6,93,258,296,190,514,9.55,9.54,9.53,9.52,9.51,5,91,633,33,151,1
2020-01-02 13:04:36,9.54,55.000,52474.000,9.56,9.57,9.58,9.59,9.6,93,258,296,190,514,9.54,9.53,9.52,9.51,9.5,49,633,33,151,477,0
2020-01-02 13:04:45,9.54,39.000,37208.000,9.56,9.57,9.58,9.59,9.6,93,258,296,190,514,9.54,9.53,9.52,9.51,9.5,10,633,33,151,477,0
2020-01-02 13:06:12,9.54,23.000,22418.000,9.54,9.55,9.56,9.57,9.58,12,55,185,258,296,9.53,9.52,9.51,9.5,9.49,697,38,151,477,106,0
2020-01-02 13:06:15,9.54,3.000,2862.000,9.54,9.55,9.56,9.57,9.58,9,55,185,258,296,9.53,9.52,9.51,9.5,9.49,697,38,151,477,106,1
2020-01-02 13:06:18,9.54,3.000,2862.000,9.54,9.55,9.56,9.57,9.58,6,55,185,258,296,9.53,9.52,9.51,9.5,9.49,727,38,151,477,106,1
2020-01-02 13:06:21,9.54,2.000,1908.000,9.54,9.55,9.56,9.57,9.58,4,55,185,258,296,9.53,9.52,9.51,9.5,9.49,727,38,151,477,106,1
2020-01-02 13:06:24,9.54,2.000,1908.000,9.54,9.55,9.56,9.57,9.58,2,55,185,258,296,9.53,9.52,9.51,9.5,9.49,727,38,151,477,106,1
2020-01-02 13:06:28,9.54,2.000,1908.000,9.54,9.55,9.56,9.57,9.58,0,55,185,258,296,9.53,9.52,9.51,9.5,9.49,727,38,151,477,106,1
2020-01-02 13:06:30,9.54,1.000,478.000,9.55,9.56,9.57,9.58,9.59,55,185,258,296,190,9.54,9.53,9.52,9.51,9.5,1,727,38,151,477,1
2020-01-02 13:06:45,9.53,10.000,9528.000,9.55,9.56,9.57,9.58,9.59,55,185,258,296,190,9.53,9.52,9.51,9.5,9.49,717,38,151,473,106,0
2020-01-02 13:06:48,9.53,400.000,381200.000,9.55,9.56,9.57,9.58,9.59,55,185,258,296,190,9.53,9.52,9.51,9.5,9.49,317,38,151,473,106,0
2020-01-02 13:07:00,9.53,1.000,954.000,9.55,9.56,9.57,9.58,9.59,56,185,258,296,190,9.53,9.52,9.51,9.5,9.49,316,38,151,473,106,0
2020-01-02 13:07:18,9.53,50.000,47650.000,9.55,9.56,9.57,9.58,9.59,56,185,258,296,190,9.53,9.52,9.51,9.5,9.49,266,38,174,473,106,0
2020-01-02 13:07:21,9.53,38.000,36274.000,9.55,9.56,9.57,9.58,9.59,26,185,258,296,190,9.53,9.52,9.51,9.5,9.49,258,38,174,473,106,0
2020-01-02 13:07:36,9.54,9.000,8586.000,9.55,9.56,9.57,9.58,9.59,25,185,258,296,190,9.54,9.53,9.52,9.51,9.5,4,289,38,174,473,1
2020-01-02 13:08:15,9.55,38.000,36290.000,9.56,9.57,9.58,9.59,9.6,185,258,296,190,614,9.55,9.54,9.53,9.52,9.51,6,4,258,38,166,1
2020-01-02 13:08:18,9.55,3.000,2866.000,9.56,9.57,9.58,9.59,9.6,185,258,296,190,614,9.55,9.54,9.53,9.52,9.51,3,4,258,38,166,0
2020-01-02 13:08:30,9.56,20.000,19120.000,9.56,9.57,9.58,9.59,9.6,195,258,296,190,614,9.55,9.54,9.53,9.52,9.51,3,4,295,38,186,1
2020-01-02 13:09:55,9.55,9.000,8594.000,9.55,9.56,9.57,9.58,9.59,11,214,258,296,190,9.54,9.53,9.52,9.51,9.5,222,201,48,186,473,0
2020-01-02 13:10:57,9.54,36.000,34344.000,9.55,9.56,9.57,9.58,9.59,159,228,259,296,190,9.54,9.53,9.52,9.51,9.5,291,201,48,186,473,0
2020-01-02 13:11:00,9.54,3.000,2862.000,9.55,9.56,9.57,9.58,9.59,163,228,259,296,190,9.54,9.53,9.52,9.51,9.5,288,201,48,186,473,0
2020-01-02 13:11:06,9.55,1.000,956.000,9.55,9.56,9.57,9.58,9.59,162,228,259,296,190,9.54,9.53,9.52,9.51,9.5,288,217,48,186,473,1
2020-01-02 13:11:15,9.55,3.000,2864.000,9.55,9.56,9.57,9.58,9.59,159,228,259,296,190,9.54,9.53,9.52,9.51,9.5,288,225,48,186,476,1
2020-01-02 13:11:30,9.55,5.000,4776.000,9.55,9.56,9.57,9.58,9.59,156,228,259,296,190,9.54,9.53,9.52,9.51,9.5,288,236,48,186,466,1
2020-01-02 13:12:03,9.55,6.000,5728.000,9.55,9.56,9.57,9.58,9.59,165,228,259,212,188,9.54,9.53,9.52,9.51,9.5,288,236,54,186,466,1
2020-01-02 13:12:15,9.55,20.000,19100.000,9.55,9.56,9.57,9.58,9.59,145,228,259,212,188,9.54,9.53,9.52,9.51,9.5,288,236,54,186,466,1
2020-01-02 13:12:39,9.55,20.000,19100.000,9.55,9.56,9.57,9.58,9.59,125,128,261,217,188,9.54,9.53,9.52,9.51,9.5,288,236,54,186,466,1
2020-01-02 13:13:00,9.54,34.000,32436.000,9.55,9.56,9.57,9.58,9.59,125,128,281,217,188,9.54,9.53,9.52,9.51,9.5,278,212,54,186,466,0
2020-01-02 13:13:36,9.54,28.000,26712.000,9.55,9.56,9.57,9.58,9.59,125,128,281,217,188,9.54,9.53,9.52,9.51,9.5,250,201,54,186,508,0
2020-01-02 13:13:54,9.54,5.000,4772.000,9.55,9.56,9.57,9.58,9.59,138,128,281,217,188,9.54,9.53,9.52,9.51,9.5,245,237,54,186,508,0
2020-01-02 13:14:03,9.54,46.000,43884.000,9.55,9.56,9.57,9.58,9.59,126,128,281,217,188,9.54,9.53,9.52,9.51,9.5,199,237,54,186,508,0
2020-01-02 13:14:09,9.55,8.000,7640.000,9.55,9.56,9.57,9.58,9.59,118,138,281,217,188,9.54,9.53,9.52,9.51,9.5,199,242,54,186,508,1
2020-01-02 13:15:30,9.54,32.000,30528.000,9.55,9.56,9.57,9.58,9.59,134,138,281,217,188,9.54,9.53,9.52,9.51,9.5,167,194,59,286,508,0
2020-01-02 13:15:33,9.54,12.000,11448.000,9.55,9.56,9.57,9.58,9.59,134,138,281,227,188,9.54,9.53,9.52,9.51,9.5,155,194,59,286,508,0
2020-01-02 13:16:45,9.54,1.000,952.000,9.55,9.56,9.57,9.58,9.59,130,157,281,227,188,9.54,9.53,9.52,9.51,9.5,163,214,79,286,511,0
2020-01-02 13:16:48,9.54,12.000,11448.000,9.55,9.56,9.57,9.58,9.59,130,157,281,227,188,9.54,9.53,9.52,9.51,9.5,151,214,79,286,511,0
2020-01-02 13:17:00,9.54,4.000,3816.000,9.55,9.56,9.57,9.58,9.59,130,157,281,227,188,9.54,9.53,9.52,9.51,9.5,147,214,79,286,511,0
2020-01-02 13:17:09,9.54,15.000,14312.000,9.55,9.56,9.57,9.58,9.59,130,157,281,227,188,9.54,9.53,9.52,9.51,9.5,132,214,79,286,511,0
2020-01-02 13:18:27,9.54,20.000,19080.000,9.55,9.56,9.57,9.58,9.59,172,157,311,227,188,9.54,9.53,9.52,9.51,9.5,112,214,79,286,511,0
2020-01-02 13:18:39,9.55,2.000,1908.000,9.55,9.56,9.57,9.58,9.59,170,157,311,227,188,9.54,9.53,9.52,9.51,9.5,112,214,79,286,514,1
2020-01-02 13:19:30,9.55,10.000,9552.000,9.55,9.56,9.57,9.58,9.59,160,175,311,227,188,9.54,9.53,9.52,9.51,9.5,115,214,79,286,514,1
2020-01-02 13:20:15,9.55,12.000,11460.000,9.55,9.56,9.57,9.58,9.59,148,175,311,227,188,9.54,9.53,9.52,9.51,9.5,135,214,79,286,527,1
2020-01-02 13:20:18,9.55,18.000,17188.000,9.55,9.56,9.57,9.58,9.59,130,175,311,227,188,9.54,9.53,9.52,9.51,9.5,135,214,79,286,527,1
2020-01-02 13:20:45,9.54,21.000,20036.000,9.55,9.56,9.57,9.58,9.59,130,175,311,227,188,9.54,9.53,9.52,9.51,9.5,114,214,79,286,527,0
2020-01-02 13:20:51,9.55,1.000,954.000,9.55,9.56,9.57,9.58,9.59,129,175,311,227,188,9.54,9.53,9.52,9.51,9.5,114,214,79,286,527,1
2020-01-02 13:21:12,9.55,156.000,148950.000,9.55,9.56,9.57,9.58,9.59,3,175,311,227,188,9.54,9.53,9.52,9.51,9.5,84,214,78,286,527,1
2020-01-02 13:21:45,9.54,20.000,19080.000,9.55,9.56,9.57,9.58,9.59,33,175,311,227,188,9.54,9.53,9.52,9.51,9.5,65,214,78,286,528,0
2020-01-02 13:22:15,9.55,1.000,956.000,9.55,9.56,9.57,9.58,9.59,53,175,311,237,188,9.54,9.53,9.52,9.51,9.5,66,224,78,286,528,1
2020-01-02 13:23:36,9.55,2.000,1908.000,9.55,9.56,9.57,9.58,9.59,51,175,311,236,188,9.54,9.53,9.52,9.51,9.5,67,222,89,322,528,1
2020-01-02 13:23:54,9.55,7.000,6686.000,9.55,9.56,9.57,9.58,9.59,44,175,311,236,188,9.54,9.53,9.52,9.51,9.5,67,222,89,322,528,1
2020-01-02 13:24:36,9.55,52.000,49660.000,9.55,9.56,9.57,9.58,9.59,1,226,312,236,188,9.54,9.53,9.52,9.51,9.5,66,222,89,286,528,1
2020-01-02 13:24:39,9.55,1.000,954.000,9.56,9.57,9.58,9.59,9.6,226,312,236,188,611,9.55,9.54,9.53,9.52,9.51,1,67,222,89,286,1
2020-01-02 13:24:42,9.56,1.000,956.000,9.56,9.57,9.58,9.59,9.6,220,312,236,188,611,9.54,9.53,9.52,9.51,9.5,67,222,89,286,528,1
2020-01-02 13:25:18,9.55,2.000,1912.000,9.55,9.56,9.57,9.58,9.59,31,230,312,236,188,9.54,9.53,9.52,9.51,9.5,148,228,94,286,528,0
2020-01-02 13:25:21,9.55,1.000,954.000,9.55,9.56,9.57,9.58,9.59,30,230,312,236,188,9.54,9.53,9.52,9.51,9.5,148,228,94,286,528,1
2020-01-02 13:25:27,9.55,25.000,23874.000,9.55,9.56,9.57,9.58,9.59,5,230,312,236,188,9.54,9.53,9.52,9.51,9.5,152,228,94,286,528,1
2020-01-02 13:25:30,9.55,2.000,1912.000,9.55,9.56,9.57,9.58,9.59,3,230,312,236,188,9.54,9.53,9.52,9.51,9.5,152,228,94,286,528,1
2020-01-02 13:25:33,9.55,3.000,2864.000,9.56,9.57,9.58,9.59,9.6,230,312,236,188,611,9.54,9.53,9.52,9.51,9.5,152,228,94,286,528,1
2020-01-02 13:25:48,9.56,10.000,9560.000,9.56,9.57,9.58,9.59,9.6,221,312,236,188,611,9.54,9.53,9.52,9.51,9.5,165,228,94,286,528,1
2020-01-02 13:26:03,9.54,1.000,954.000,9.55,9.56,9.57,9.58,9.59,32,231,317,236,188,9.54,9.53,9.52,9.51,9.5,205,228,94,286,528,0
2020-01-02 13:26:06,9.55,11.000,10506.000,9.55,9.56,9.57,9.58,9.59,21,231,317,236,188,9.54,9.53,9.52,9.51,9.5,205,228,94,286,528,1
2020-01-02 13:26:39,9.55,10.000,9548.000,9.55,9.56,9.57,9.58,9.59,83,220,317,241,188,9.54,9.53,9.52,9.51,9.5,209,228,94,286,528,1
2020-01-02 13:26:42,9.54,35.000,33392.000,9.55,9.56,9.57,9.58,9.59,83,220,317,241,188,9.54,9.53,9.52,9.51,9.5,174,228,94,286,528,0
2020-01-02 13:27:03,9.55,2.000,1908.000,9.55,9.56,9.57,9.58,9.59,81,231,312,241,188,9.54,9.53,9.52,9.51,9.5,190,253,94,286,528,1
2020-01-02 13:27:06,9.55,9.000,8596.000,9.55,9.56,9.57,9.58,9.59,72,231,312,241,188,9.54,9.53,9.52,9.51,9.5,190,253,94,286,528,1
2020-01-02 13:27:24,9.54,3.000,2862.000,9.55,9.56,9.57,9.58,9.59,72,231,312,236,188,9.54,9.53,9.52,9.51,9.5,179,253,94,286,528,0
2020-01-02 13:27:48,9.54,20.000,19080.000,9.55,9.56,9.57,9.58,9.59,82,238,312,236,188,9.54,9.53,9.52,9.51,9.5,165,253,94,286,528,0
2020-01-02 13:28:00,9.55,10.000,9550.000,9.55,9.56,9.57,9.58,9.59,72,238,312,236,188,9.54,9.53,9.52,9.51,9.5,165,283,94,286,528,1
2020-01-02 13:28:27,9.54,50.000,47700.000,9.55,9.56,9.57,9.58,9.59,72,218,312,236,188,9.54,9.53,9.52,9.51,9.5,115,294,94,286,578,0
2020-01-02 13:29:12,9.54,1.000,954.000,9.55,9.56,9.57,9.58,9.59,72,210,312,236,188,9.54,9.53,9.52,9.51,9.5,123,228,109,286,589,0
2020-01-02 13:29:24,9.55,5.000,4774.000,9.55,9.56,9.57,9.58,9.59,68,260,312,186,188,9.54,9.53,9.52,9.51,9.5,123,228,109,286,578,1
2020-01-02 13:29:27,9.54,10.000,9540.000,9.55,9.56,9.57,9.58,9.59,68,250,312,186,188,9.54,9.53,9.52,9.51,9.5,113,228,109,297,578,0
2020-01-02 13:29:45,9.55,10.000,9552.000,9.55,9.56,9.57,9.58,9.59,58,250,312,186,188,9.54,9.53,9.52,9.51,9.5,106,228,109,286,578,1
2020-01-02 13:30:03,9.54,1.000,952.000,9.55,9.56,9.57,9.58,9.59,58,250,312,186,188,9.54,9.53,9.52,9.51,9.5,125,228,109,286,639,0
2020-01-02 13:30:15,9.54,2.000,1908.000,9.55,9.56,9.57,9.58,9.59,58,270,312,186,188,9.54,9.53,9.52,9.51,9.5,123,228,109,286,636,0
2020-01-02 13:31:45,9.54,47.000,44840.000,9.55,9.56,9.57,9.58,9.59,114,270,312,201,199,9.54,9.53,9.52,9.51,9.5,91,185,114,286,644,0
2020-01-02 13:31:48,9.54,50.000,47700.000,9.55,9.56,9.57,9.58,9.59,114,270,312,201,199,9.54,9.53,9.52,9.51,9.5,41,185,114,286,644,0
2020-01-02 13:32:30,9.54,11.000,10492.000,9.55,9.56,9.57,9.58,9.59,113,240,312,206,199,9.54,9.53,9.52,9.51,9.5,40,185,114,286,644,0
2020-01-02 13:32:36,9.55,25.000,23876.000,9.55,9.56,9.57,9.58,9.59,88,240,312,206,199,9.54,9.53,9.52,9.51,9.5,40,185,114,286,644,1
2020-01-02 13:32:39,9.54,2.000,1908.000,9.55,9.56,9.57,9.58,9.59,88,240,312,206,199,9.54,9.53,9.52,9.51,9.5,38,185,114,286,644,0
2020-01-02 13:33:33,9.54,54.000,51516.000,9.55,9.56,9.57,9.58,9.59,97,253,312,206,188,9.54,9.53,9.52,9.51,9.5,146,385,114,286,664,0
2020-01-02 13:34:03,9.55,12.000,11460.000,9.55,9.56,9.57,9.58,9.59,93,245,312,206,188,9.54,9.53,9.52,9.51,9.5,34,390,104,286,664,1
2020-01-02 13:34:09,9.54,6.000,5724.000,9.55,9.56,9.57,9.58,9.59,123,245,312,206,188,9.54,9.53,9.52,9.51,9.5,28,410,104,286,664,0
2020-01-02 13:34:15,9.54,4.000,3816.000,9.55,9.56,9.57,9.58,9.59,124,245,312,206,188,9.54,9.53,9.52,9.51,9.5,24,410,104,286,664,0
2020-01-02 13:34:34,9.54,8.000,7632.000,9.55,9.56,9.57,9.58,9.59,124,245,311,206,188,9.54,9.53,9.52,9.51,9.5,16,410,104,286,664,0
2020-01-02 13:34:48,9.54,5.000,4770.000,9.55,9.56,9.57,9.58,9.59,124,245,311,206,188,9.54,9.53,9.52,9.51,9.5,11,410,104,286,664,0
2020-01-02 13:35:01,9.54,11.000,10494.000,9.55,9.56,9.57,9.58,9.59,124,245,311,206,188,9.53,9.52,9.51,9.5,9.49,410,104,286,669,143,0
2020-01-02 13:36:33,9.54,9.000,8586.000,9.54,9.55,9.56,9.57,9.58,21,132,245,311,206,9.53,9.52,9.51,9.5,9.49,410,104,286,619,143,0
2020-01-02 13:36:36,9.54,3.000,2862.000,9.54,9.55,9.56,9.57,9.58,18,132,245,311,206,9.53,9.52,9.51,9.5,9.49,410,104,286,619,143,1
2020-01-02 13:36:39,9.54,1.000,954.000,9.54,9.55,9.56,9.57,9.58,17,132,245,311,206,9.53,9.52,9.51,9.5,9.49,410,104,286,619,143,1
2020-01-02 13:36:42,9.54,2.000,1908.000,9.54,9.55,9.56,9.57,9.58,15,132,245,311,206,9.53,9.52,9.51,9.5,9.49,410,104,286,619,143,1
2020-01-02 13:36:46,9.54,1.000,954.000,9.54,9.55,9.56,9.57,9.58,14,132,245,311,206,9.53,9.52,9.51,9.5,9.49,410,104,286,619,143,1
2020-01-02 13:36:49,9.54,2.000,1908.000,9.54,9.55,9.56,9.57,9.58,12,132,245,311,206,9.53,9.52,9.51,9.5,9.49,410,104,286,619,143,1
2020-01-02 13:36:51,9.54,1.000,954.000,9.54,9.55,9.56,9.57,9.58,11,132,245,311,206,9.53,9.52,9.51,9.5,9.49,410,104,286,619,143,1
2020-01-02 13:36:55,9.54,1.000,954.000,9.54,9.55,9.56,9.57,9.58,10,132,245,311,206,9.53,9.52,9.51,9.5,9.49,410,104,286,619,143,1
2020-01-02 13:37:54,9.54,20.000,19080.000,9.55,9.56,9.57,9.58,9.59,123,245,311,206,188,9.54,9.53,9.52,9.51,9.5,6,458,104,286,619,1
2020-01-02 13:38:19,9.54,10.000,9540.000,9.55,9.56,9.57,9.58,9.59,123,245,311,206,188,9.54,9.53,9.52,9.51,9.5,16,458,104,286,619,0
2020-01-02 13:38:24,9.55,1.000,956.000,9.55,9.56,9.57,9.58,9.59,164,245,311,206,188,9.54,9.53,9.52,9.51,9.5,16,458,104,286,619,1
2020-01-02 13:38:33,9.55,2.000,1908.000,9.55,9.56,9.57,9.58,9.59,162,245,311,206,188,9.54,9.53,9.52,9.51,9.5,16,458,104,286,619,1
2020-01-02 13:38:48,9.55,4.000,3820.000,9.55,9.56,9.57,9.58,9.59,159,245,311,206,188,9.54,9.53,9.52,9.51,9.5,72,422,104,286,619,1
2020-01-02 13:39:00,9.55,30.000,28652.000,9.55,9.56,9.57,9.58,9.59,129,245,311,206,188,9.54,9.53,9.52,9.51,9.5,72,380,104,286,619,1
2020-01-02 13:39:07,9.55,11.000,10504.000,9.55,9.56,9.57,9.58,9.59,118,245,311,206,188,9.54,9.53,9.52,9.51,9.5,75,380,104,286,619,1
2020-01-02 13:39:15,9.54,30.000,28620.000,9.55,9.56,9.57,9.58,9.59,118,250,311,206,188,9.54,9.53,9.52,9.51,9.5,45,380,104,286,619,0
2020-01-02 13:40:30,9.55,2.000,1910.000,9.55,9.56,9.57,9.58,9.59,88,329,311,206,188,9.54,9.53,9.52,9.51,9.5,52,382,104,286,619,1
2020-01-02 13:41:51,9.54,20.000,19080.000,9.55,9.56,9.57,9.58,9.59,88,329,311,206,188,9.54,9.53,9.52,9.51,9.5,50,380,104,286,629,0
2020-01-02 13:42:27,9.54,48.000,45792.000,9.54,9.55,9.56,9.57,9.58,102,249,329,311,206,9.53,9.52,9.51,9.5,9.49,382,94,286,629,143,0
2020-01-02 13:42:33,9.54,6.000,5724.000,9.54,9.55,9.56,9.57,9.58,96,249,329,311,206,9.53,9.52,9.51,9.5,9.49,382,82,286,629,143,1
2020-01-02 13:42:36,9.54,23.000,21942.000,9.54,9.55,9.56,9.57,9.58,73,249,329,311,206,9.53,9.52,9.51,9.5,9.49,392,82,286,629,143,1
2020-01-02 13:42:39,9.54,5.000,4770.000,9.54,9.55,9.56,9.57,9.58,68,249,329,311,206,9.53,9.52,9.51,9.5,9.49,392,82,286,629,143,1
2020-01-02 13:42:42,9.54,63.000,60102.000,9.54,9.55,9.56,9.57,9.58,5,249,329,311,206,9.53,9.52,9.51,9.5,9.49,392,82,286,629,143,1
2020-01-02 13:42:45,9.54,2.000,1908.000,9.54,9.55,9.56,9.57,9.58,3,249,329,311,206,9.53,9.52,9.51,9.5,9.49,392,82,286,629,143,1
2020-01-02 13:42:48,9.54,2.000,1908.000,9.54,9.55,9.56,9.57,9.58,1,249,329,311,206,9.53,9.52,9.51,9.5,9.49,392,82,286,629,143,1
2020-01-02 13:42:51,9.54,1.000,954.000,9.55,9.56,9.57,9.58,9.59,249,329,311,206,188,9.54,9.53,9.52,9.51,9.5,1,392,82,286,629,1
2020-01-02 13:43:18,9.53,306.000,291618.000,9.55,9.56,9.57,9.58,9.59,259,329,311,206,188,9.53,9.52,9.51,9.5,9.49,108,235,286,629,143,0
2020-01-02 13:43:45,9.53,25.000,23824.000,9.54,9.55,9.56,9.57,9.58,35,258,329,311,206,9.53,9.52,9.51,9.5,9.49,69,243,313,629,143,0
2020-01-02 13:43:51,9.53,20.000,19060.000,9.54,9.55,9.56,9.57,9.58,50,258,329,311,206,9.53,9.52,9.51,9.5,9.49,54,243,313,629,143,0
2020-01-02 13:44:06,9.53,54.000,51464.000,9.53,9.54,9.55,9.56,9.57,108,51,257,329,311,9.52,9.51,9.5,9.49,9.48,252,313,629,143,390,0
2020-01-02 13:44:09,9.53,108.000,102924.000,9.54,9.55,9.56,9.57,9.58,51,257,329,311,206,9.53,9.52,9.51,9.5,9.49,32,252,315,629,143,1
2020-01-02 13:44:33,9.54,4.000,3816.000,9.54,9.55,9.56,9.57,9.58,59,257,329,311,206,9.53,9.52,9.51,9.5,9.49,35,256,438,629,143,1
2020-01-02 13:45:12,9.54,49.000,46744.000,9.54,9.55,9.56,9.57,9.58,117,277,329,311,206,9.53,9.52,9.51,9.5,9.49,256,256,438,629,143,1
2020-01-02 13:45:21,9.53,70.000,66748.000,9.54,9.55,9.56,9.57,9.58,79,277,329,311,206,9.53,9.52,9.51,9.5,9.49,224,256,458,629,143,0
2020-01-02 13:45:27,9.54,5.000,4772.000,9.54,9.55,9.56,9.57,9.58,74,277,329,311,206,9.53,9.52,9.51,9.5,9.49,224,256,458,629,143,1
2020-01-02 13:45:33,9.54,6.000,5724.000,9.54,9.55,9.56,9.57,9.58,68,281,329,311,206,9.53,9.52,9.51,9.5,9.49,234,103,458,629,143,1
2020-01-02 13:45:36,9.54,4.000,3816.000,9.54,9.55,9.56,9.57,9.58,64,281,329,311,206,9.53,9.52,9.51,9.5,9.49,234,103,458,629,143,1
2020-01-02 13:45:39,9.54,9.000,8584.000,9.54,9.55,9.56,9.57,9.58,55,281,329,311,206,9.53,9.52,9.51,9.5,9.49,234,103,458,629,143,1
2020-01-02 13:45:43,9.54,5.000,4772.000,9.54,9.55,9.56,9.57,9.58,50,281,329,311,206,9.53,9.52,9.51,9.5,9.49,386,103,458,629,143,1
2020-01-02 13:45:45,9.54,1.000,952.000,9.54,9.55,9.56,9.57,9.58,49,281,329,306,206,9.53,9.52,9.51,9.5,9.49,386,103,458,629,143,1
2020-01-02 13:45:48,9.54,6.000,5724.000,9.54,9.55,9.56,9.57,9.58,43,281,329,306,206,9.53,9.52,9.51,9.5,9.49,386,103,458,629,143,1
2020-01-02 13:45:51,9.54,10.000,9540.000,9.54,9.55,9.56,9.57,9.58,33,281,329,306,206,9.53,9.52,9.51,9.5,9.49,386,103,458,629,143,1
2020-01-02 13:45:54,9.54,8.000,7632.000,9.54,9.55,9.56,9.57,9.58,25,281,329,306,206,9.53,9.52,9.51,9.5,9.49,386,103,458,629,143,1
2020-01-02 13:45:57,9.54,6.000,5724.000,9.54,9.55,9.56,9.57,9.58,19,281,329,306,206,9.53,9.52,9.51,9.5,9.49,392,103,458,629,143,1
2020-01-02 13:46:00,9.54,4.000,3816.000,9.54,9.55,9.56,9.57,9.58,15,293,329,306,206,9.53,9.52,9.51,9.5,9.49,392,103,458,629,143,1
2020-01-02 13:46:03,9.54,65.000,61960.000,9.55,9.56,9.57,9.58,9.59,293,329,306,206,188,9.54,9.53,9.52,9.51,9.5,48,342,103,458,629,1
2020-01-02 13:46:06,9.54,83.000,79246.000,9.55,9.56,9.57,9.58,9.59,230,329,306,206,188,9.54,9.53,9.52,9.51,9.5,34,342,103,458,629,0
2020-01-02 13:46:31,9.54,39.000,37206.000,9.55,9.56,9.57,9.58,9.59,226,329,306,206,188,9.54,9.53,9.52,9.51,9.5,1,190,103,458,629,0
2020-01-02 13:46:54,9.55,11.000,10500.000,9.55,9.56,9.57,9.58,9.59,221,329,306,206,188,9.53,9.52,9.51,9.5,9.49,201,159,465,629,150,1
2020-01-02 13:47:00,9.53,1.000,952.000,9.55,9.56,9.57,9.58,9.59,221,329,306,206,188,9.53,9.52,9.51,9.5,9.49,200,138,465,629,150,0
2020-01-02 13:47:45,9.55,1.000,956.000,9.55,9.56,9.57,9.58,9.59,220,360,306,206,188,9.54,9.53,9.52,9.51,9.5,124,281,138,465,629,1
2020-01-02 13:47:52,9.55,29.000,27694.000,9.55,9.56,9.57,9.58,9.59,181,360,306,206,188,9.54,9.53,9.52,9.51,9.5,124,281,138,465,629,1
2020-01-02 13:47:57,9.55,8.000,7640.000,9.55,9.56,9.57,9.58,9.59,173,360,306,206,188,9.54,9.53,9.52,9.51,9.5,124,286,138,465,629,1
2020-01-02 13:48:00,9.55,14.000,13370.000,9.55,9.56,9.57,9.58,9.59,159,360,306,206,188,9.54,9.53,9.52,9.51,9.5,124,286,138,465,629,1
2020-01-02 13:48:04,9.55,28.000,26740.000,9.55,9.56,9.57,9.58,9.59,131,360,306,206,188,9.54,9.53,9.52,9.51,9.5,124,286,138,465,629,1
2020-01-02 13:48:06,9.55,11.000,10504.000,9.55,9.56,9.57,9.58,9.59,120,360,306,206,188,9.54,9.53,9.52,9.51,9.5,124,286,138,465,629,1
2020-01-02 13:48:09,9.55,4.000,3820.000,9.55,9.56,9.57,9.58,9.59,116,360,306,206,188,9.54,9.53,9.52,9.51,9.5,124,286,138,465,629,1
2020-01-02 13:48:12,9.55,3.000,2866.000,9.55,9.56,9.57,9.58,9.59,136,360,306,206,188,9.54,9.53,9.52,9.51,9.5,124,286,138,465,629,1
2020-01-02 13:48:33,9.55,17.000,16234.000,9.55,9.56,9.57,9.58,9.59,129,370,306,206,188,9.54,9.53,9.52,9.51,9.5,99,286,138,465,629,1
2020-01-02 13:49:06,9.55,1.000,956.000,9.55,9.56,9.57,9.58,9.59,148,370,306,196,188,9.54,9.53,9.52,9.51,9.5,150,286,87,347,629,1
2020-01-02 13:49:24,9.55,131.000,125104.000,9.55,9.56,9.57,9.58,9.59,17,370,306,196,188,9.54,9.53,9.52,9.51,9.5,150,498,87,320,629,1
2020-01-02 13:49:28,9.55,2.000,1912.000,9.55,9.56,9.57,9.58,9.59,15,370,306,196,188,9.54,9.53,9.52,9.51,9.5,150,498,87,320,629,1
2020-01-02 13:49:30,9.55,2.000,1908.000,9.55,9.56,9.57,9.58,9.59,13,370,306,196,188,9.54,9.53,9.52,9.51,9.5,150,498,87,320,629,1
2020-01-02 13:49:33,9.55,2.000,1912.000,9.55,9.56,9.57,9.58,9.59,11,370,306,196,188,9.54,9.53,9.52,9.51,9.5,150,498,87,320,629,1
2020-01-02 13:49:36,9.55,24.000,22920.000,9.55,9.56,9.57,9.58,9.59,225,370,306,196,188,9.54,9.53,9.52,9.51,9.5,150,498,87,320,629,1
2020-01-02 13:49:39,9.54,40.000,38168.000,9.55,9.56,9.57,9.58,9.59,215,370,306,196,188,9.54,9.53,9.52,9.51,9.5,120,465,87,320,629,0
2020-01-02 13:50:03,9.55,23.000,21966.000,9.55,9.56,9.57,9.58,9.59,192,390,306,196,188,9.54,9.53,9.52,9.51,9.5,145,533,87,320,629,1
2020-01-02 13:50:06,9.55,20.000,19100.000,9.55,9.56,9.57,9.58,9.59,172,390,306,196,188,9.54,9.53,9.52,9.51,9.5,165,533,87,320,629,1
2020-01-02 13:50:09,9.55,120.000,114600.000,9.55,9.56,9.57,9.58,9.59,52,390,306,196,188,9.54,9.53,9.52,9.51,9.5,165,533,87,320,629,1
